3040 4856
272 378 363 481 ¹100
530 371 746 446 100000
773 371 1147 450 nucuovrunsns

178 596 233 644 uu.
245 594 282 643 13.
368 572 474 647 1353.
502 573 662 646 infesto
690 574 958 670 penthecostes
985 575 1046 646 nix
1073 579 1210 671 magna
1236 574 1382 669 cecidit,

291 676 388 770 quod
414 673 658 746 trahebantur
676 673 778 769 ligna
803 673 838 744 in
859 675 1130 768 vehiculismec
1157 675 1226 746 fuit
1252 675 1383 747 circui·

291 784 350 845 tus
386 798 471 844 cum
506 773 758 870 processione.
836 776 977 846 Eodem
1004 799 1102 846 anno
1131 787 1217 872 post
1241 775 1381 848 festum

179 887 234 934 flai-
245 886 282 935 20·
291 872 479 945 Trinitatis
498 873 651 946 Litwani
671 883 917 946 vastaverunt
933 876 1135 972 hamburg,
1164 875 1300 948 multos
1320 899 1383 948 oc·

292 973 471 1046 mmmm.

366 1075 473 1148 1360.
497 1071 707 1145 talisfuit
698 1097 735 1143 m
752 1082 830 1145 tota
859 1072 1130 1146 christianitate
1156 1084 1194 1146 et
1219 1074 1383 1146 maxime

289 1173 326 1245 in
346 1196 464 1269 regno
493 1173 663 1244 Polonie.
657 1183 885 1286 regnante
911 1197 1003 1273 rege
1030 1173 1216 1246 Kazimiro
1245 1184 1383 1246 morta-

289 1274 388 1367 litas,
427 1274 524 1370 quod
551 1273 612 1343 vix
645 1273 762 1345 tercia
795 1295 883 1371 pars
921 1269 1200 1346 christianitatis
1234 1297 1383 1347 reman-

291 1383 394 1446 serat
419 1382 457 1444 et
480 1372 643 1444 maxime
670 1372 707 1442 in
732 1373 922 1446 Cracovia.
974 1373 1056 1460 Que
1082 1373 1323 1448 mortalitas
1314 1399 1383 1446 un-

290 1477 490 1569 putabatur
507 1472 628 1544 ludeis
649 1496 717 1570 per
734 1473 1059 1570 intoxicacionem,
1086 1476 1148 1572 qui
1172 1485 1263 1546 tunc
1288 1485 1382 1546 tem·

289 1572 392 1671 poris
413 1572 592 1646 Cracovie
612 1583 650 1644 et
667 1572 760 1644 alias
780 1577 1052 1646 cremabantur.
1122 1577 1261 1647 Eodem
1281 1597 1380 1647 anno

287 1671 835 1746 rexKazimirusintromiserat
852 1697 894 1746 se
918 1678 964 1745 de
983 1673 1221 1772 prepositura
1233 1675 1383 1748 blecho·
1431 1739 1435 1746 .

289 1772 410 1844 viensi
462 1782 500 1844 et
550 1773 795 1845 constituerat
845 1774 1055 1846 secularem
1098 1785 1382 1872 procuratorem

286 1874 528 1947 Strzesonem
547 1875 593 1945 de
613 1873 857 1969 Pstrossioze,
876 1873 939 1970 qui
959 1875 1074 1946 multa
1092 1875 1191 1946 tedia
1206 1874 1382 1948 fratribus

208 2000 213 2007 ·
289 1973 495 2071 generavit.

193 2093 241 2137 ror
243 2089 279 2140 t
365 2076 472 2147 1370.
492 2071 582 2146 obiit
598 2072 806 2145 Kazimirus
825 2096 891 2145 rex
906 2072 1056 2145 Polonie
1076 2073 1133 2144 die
1148 2072 1277 2147 Martis
1295 2083 1384 2172 post

288 2173 388 2246 diem
407 2173 574 2245 omnium
600 2183 816 2246 sanctorum
842 2197 975 2246 mense
1002 2172 1236 2246 Novembris.
1313 2175 1382 2247 llo·

289 2276 375 2346 dem
402 2299 499 2346 anno
526 2273 652 2345 statim
680 2284 766 2370 post
784 2273 902 2370 ipsius
929 2273 1068 2345 obitum
1088 2274 1302 2345 restitutum
1322 2285 1381 2347 est

288 2384 460 2446 nostrum
492 2373 763 2445 monasterium
791 2373 1057 2446 blechoviense
1084 2376 1130 2446 ad
1157 2375 1293 2445 fratres
1311 2397 1380 2472 per

288 2473 487 2546 concilium
506 2473 684 2545 nobilium
701 2483 739 2546 et
755 2477 937 2545 baronum
952 2473 1060 2569 regni
1074 2473 1110 2544 in
1130 2473 1279 2547 civitate
1294 2477 1382 2550 Cra·

290 2597 468 2646 covrensr.

190 2680 277 2728 ¹¹¹·¹⁶·
365 2675 473 2747 1371.
500 2673 685 2745 dominica
714 2671 838 2745 diem
858 2683 991 2745 octava
1010 2673 1294 2771 appostolorum
1314 2673 1381 2744 Pe·

286 2772 332 2844 tri
357 2784 395 2845 et
414 2773 517 2847 Pauli
541 2797 610 2872 per
627 2776 806 2846 domnum
832 2773 1085 2870 patriarcham
1113 2771 1378 2846 lerosolimita·

286 2897 376 2944 num
404 2871 570 2947 Czcico
561 2899 598 2944 rn
622 2875 898 2972 preposituram
925 2872 1168 2946 confirmatus
1194 2870 1379 2946 Mechovi-

286 2996 433 3068 ensem,
460 2976 595 3045 eodem
625 2975 684 3046 die
715 2976 831 3047 irater
860 2973 1071 3047 Stanislaus
1098 2972 1295 3068 Stoyconis
1331 2971 1379 3043 arl

284 3072 454 3144 ordinem
473 3083 684 3169 susceptus.

335 3175 443 3246 1377.
471 3182 656 3270 regnante
673 3196 765 3269 rege
784 3173 970 3245 Lorlovico
988 3173 1177 3268 Ungarie
1167 3199 1204 3245 m
1224 3170 1379 3245 Polonia

283 3295 369 3344 curn
395 3282 516 3345 matre
543 3297 610 3346 sua
626 3272 814 3345 Elizabeth
834 3275 979 3368 regina,
998 3275 1132 3344 domus
1152 3273 1375 3347 Cracovien·

282 3371 335 3444 sis
355 3384 485 3446 sancte
504 3374 718 3468 Elyzabeth
746 3375 817 3445 sita
843 3372 942 3444 inter
967 3375 1061 3446 Crac
1043 3373 1188 3444 oviam
1214 3383 1252 3445 et
1269 3373 1377 3444 Kazi-

281 3473 429 3573 miriam
458 3474 494 3544 in
521 3473 601 3571 ripa
619 3473 720 3545 Visle
739 3472 841 3544 lluvii
868 3475 954 3544 data
983 3483 1041 3544 est
1067 3496 1136 3569 per
1153 3471 1228 3545 dict
1213 3481 1292 3544 tum
1317 3495 1376 3542 re·

281 3569 369 3670 gem
396 3583 434 3645 01
460 3573 598 3645 dictam
626 3573 797 3669 reginam
834 3572 953 3670 ipsius
988 3583 1150 3644 matrem
1184 3579 1375 3644 monast·

279 3675 334 3746 rio
366 3683 495 3746 nostro
531 3672 803 3768 lllechoviensi⁷
843 3673 947 3744 cuius
976 3673 1110 3744 domus
1136 3673 1278 3770 primus
1306 3671 1376 3744 fuit

277 3774 493 3873 prepositus
516 3774 633 3847 frater
649 3769 866 3846 Marcissius
891 3772 1075 3870 plebanus
1102 3774 1147 3846 de
1174 3773 1311 3846 Sidlow
1337 3782 1376 3846 et

276 3877 581 3973 viceprocurator
597 3873 828 3949 Visliciensis
846 3873 948 3970 regis
967 3872 1144 3970 Kazmiri‚
1170 3875 1233 3970 qui
1257 3874 1376 3945 frater

230 4043 232 4048 .
277 3998 393 4070 super
418 4000 581 4072 murum,
617 3985 658 4047 ut
683 3975 753 4047 sibi
781 3975 853 4046 hoc
889 3984 949 4047 001
974 3997 1045 4070 per
1070 3996 1203 4085 regem
1232 3975 1373 4070 datum,
1500 4047 1501 4050 ,

276 4075 434 4147 chorum
459 4073 621 4148 ecclesie
648 4076 740 4147 texit
767 4085 805 4146 01
831 4074 904 4147 0110
937 4071 1125 4146 edificia
1115 4097 1152 4143 1n
1190 4083 1372 4171 quantum

132 4227 194 4274 ·.·.
275 4175 392 4248 valuit
415 4199 501 4248 cum
528 4176 712 4274 impensis
730 4178 778 4249 de
798 4177 910 4248 domo
936 4171 1196 4246 Mechoviensi
1230 4173 1373 4248 instau-
