3060 4828
434 320 650 397 ANNALES
677 317 983 397 POLONORUM.
1204 321 1253 398 45

156 523 316 598 Paionici
333 523 434 618 requi
450 545 561 620 usque
586 522 637 596 ad
663 546 698 596 a.
725 523 809 598 965.
856 522 970 618 Usque
1002 520 1054 594 ad
1086 544 1121 593 a.
1155 521 1252 596 1325

155 628 276 718 prima
296 648 418 696 eorum
433 647 526 717 pars
541 623 719 718 periinere
735 622 883 714 uidetur,
902 645 988 693 neem
1014 624 1251 694 continuatio·

157 748 237 797 nem
255 747 374 795 rerurn
394 731 577 819 qestarurn
594 725 712 808 fusior
736 724 921 794 enarratio
940 724 1071 816 orauit,
1090 728 1126 793 et
1139 721 1254 794 codec

158 827 194 918 4,
213 828 250 896 in
268 847 337 919 quo
358 823 550 895 annalibus
569 822 729 895 adhunc
746 845 880 893 annum
900 823 1086 915 productis
1111 827 1251 894 tantum

158 931 246 996 nota
266 926 353 995 anni
376 925 470 996 1378
479 923 636 997 additur.
660 923 759 993 Inter
774 922 841 994 hos
860 927 978 993 autern
998 920 1251 1008 esthaecafti-

159 1027 267 1117 nitas,
287 1023 383 1118 quod
400 1022 479 1094 cod.
499 1023 521 1094 2
540 1028 664 1094 seruat
681 1022 843 1115 annales,
863 1024 923 1117 qui
940 1023 976 1091 in
989 1020 1094 1092 codd.
1114 1022 1136 1092 3
1156 1027 1191 1092 ct
1203 1023 1251 1094 3a
1293 1022 1298 1032 '

158 1125 284 1195 iterum
310 1147 389 1194 cunr
408 1123 580 1194 relatione
598 1121 759 1194 codicum
783 1127 800 1194 1
821 1128 856 1193 et
876 1127 919 1194 ta
936 1123 1012 1205 fere
1030 1121 1142 1192 ubiuis
1168 1144 1252 1193 con-

156 1225 266 1295 iuncti
282 1223 465 1315 ieyuntar5
491 1221 605 1294 codec
631 1225 653 1293 4
673 1227 793 1293 autem
817 1244 926 1317 quam
944 1221 1100 1292 arnume
1117 1228 1152 1292 et
1168 1220 1219 1293 ad
1235 1219 1258 1295 Ι

160 1329 195 1394 et
212 1321 263 1393 ad
288 1322 346 1393 ΙΙΙ
366 1321 514 1394 accedit.
549 1321 591 1392 in
615 1321 671 1392 m
693 1323 791 1392 initio
819 1320 971 1392 annales
996 1323 1131 1393 seruati
1157 1327 1250 1414 sunt,

159 1423 286 1517 quibus
311 1427 345 1494 et
384 1422 581 1494 Vincentius
609 1419 838 1513 Kadiubech‚
873 1420 1036 1492 Dzirseoa
1067 1427 1102 1492 et
1130 1421 1252 1515 Boau-

158 1521 289 1616 phaius
323 1523 379 1593 usi
412 1527 513 1614 sunt,
549 1543 649 1591 narn.
671 1522 868 1612 conscriptos
903 1543 965 1592 eos
999 1543 1076 1592 esse
1100 1543 1144 1594 en
1174 1520 1251 1592 Vin-

160 1623 264 1693 ceniii
299 1621 467 1692 chronico
502 1619 708 1714 neyandurn
739 1626 802 1713 est,
833 1641 940 1715 quarn
972 1642 1152 1691 ernnorum
1187 1643 1251 1691 nu-

157 1723 247 1793 meri
265 1721 365 1814 apud
385 1720 478 1792 hunc
495 1743 567 1792 non
585 1721 821 1813 inveniantur,
848 1726 883 1790 ei
899 1725 1028 1791 auctor
1047 1718 1275 1814 Boauphali·

157 1821 315 1894 chronici
348 1823 422 1914 ipse
460 1823 624 1905 fateatur
656 1820 723 1891 sibi
758 1826 906 1914 praesto
948 1821 1059 1904 fuisse
1101 1819 1253 1892 annates

156 1921 375 1993 Palonorum
399 1920 572 1992 historiae
589 1918 655 2014 (cf.
676 1919 727 1991 ad
751 1943 785 1991 a.
804 1919 911 2014 913).
947 1918 1110 1992 Dzirswa
1131 1925 1251 1991 autem

159 2021 226 2113 itte,
247 2043 350 2114 quern
359 2019 520 2113 dicimus,
538 2022 697 2105 fortasse
714 2019 753 2092 id
770 2022 851 2113 caii,
870 2026 908 2090 ut
927 2019 1162 2091 ctannaleset
1174 2018 1251 2090 Vin-

158 2123 262 2193 centii
280 2119 473 2191 chronicon
491 2122 527 2190 in
545 2141 647 2190 usum
672 2142 776 2191 suum
803 2125 968 2211 verteret,
994 2141 1082 2190 nam
1106 2120 1251 2212 saepius

158 2217 259 2314 apud
276 2241 354 2290 eane
371 2225 454 2311 posi
471 2221 702 2290 narrationes
720 2241 763 2291 ec
786 2217 961 2291 hinceniio
980 2217 1187 2312 desumptas
1204 2218 1252 2290 le·

155 2326 288 2416 cantur
304 2319 436 2392 verbo:
455 2319 500 2390 de
515 2318 574 2391 his
588 2341 749 2416 quaeras
768 2317 805 2389 in
824 2317 1031 2391 annalibus.
1052 2318 1165 2408 Quum
1185 2341 1250 2390 au·

157 2427 226 2491 tarn
253 2419 412 2491 nondum
440 2419 637 2514 disquisitio
666 2422 791 2492 critica
819 2421 862 2491 de
889 2420 1053 2491 omnibus
1079 2419 1250 2492 Paioniae

156 2519 404 2591 chronicorum
429 2520 662 2612 scriptoribus
685 2521 840 2614 antiquis
865 2522 912 2591 sit
933 2521 1104 2611 instituta,
1132 2520 1250 2592 nobis-

157 2620 347 2715 quaetione
368 2617 545 2703 defuerint
561 2619 698 2690 ancilia
715 2620 939 2712 necessaria,
957 2641 1029 2689 non
1043 2641 1250 2713 possumus,

156 2721 238 2813 quin
261 2720 495 2812 proferamus
519 2721 637 2814 nraais
660 2721 886 2791 coniecturas
908 2741 1016 2814 quarn
1035 2721 1249 2790 certassen-

155 2820 295 2890 tentias.
321 2819 366 2890 Id
389 2821 524 2905 sufficit
547 2819 737 2911 adnotare,
764 2819 915 2891 annates
933 2823 1077 2890 nostros
1094 2824 1187 2890 certe
1213 2820 1250 2888 in

97 2959 99 2962 -
153 2918 272 2990 irruitis
287 2919 625 3011 partibnsseruasse
641 2921 809 3015 antiquas
823 2917 1024 2991 relationes.
1052 2919 1250 2991 Crocouiaa
1390 2921 1395 2930 '

152 3019 188 3088 in
206 3040 311 3088 suam
328 3019 618 3102 formnmornnes
635 3019 888 3092 esseredacios
905 3019 1025 3091 elucet.

229 3115 286 3189 Ad
302 3118 462 3211 sinuatos
480 3118 621 3190 codices
638 3125 878 3191 transeamus.

228 3216 256 3287 1.
287 3216 328 3310 1)
374 3217 495 3289 Codes
531 3218 793 3290 Warsauiensis
819 3217 1048 3290 bibliothecae
1080 3219 1248 3290 comitum

154 3311 451 3406 Zamoisciorurn‚
479 3317 776 3389 membranaceus
800 3341 896 3389 saec.
930 3315 1021 3410 XIV,
1040 3317 1115 3387 sine
1140 3316 1248 3389 dubio

156 3433 254 3483 anno
267 3414 364 3486 1340
374 3414 428 3485 bei
438 3416 529 3488 1341
542 3417 707 3509 scriptus,
727 3439 834 3512 quum
854 3416 1128 3488 annaiesnostri
1147 3417 1197 3488 ad
1212 3439 1259 3487 a„
1290 3411 1291 3414 ’

157 3513 254 3583 1340
272 3536 343 3585 uno
362 3520 483 3585 tenore
500 3514 624 3608 scripti
636 3517 706 3587 sini
723 3523 758 3588 et
773 3518 809 3587 in
825 3515 987 3610 pluribus
1004 3516 1137 3588 codicis
1160 3516 1261 3599 loces,

152 3615 279 3684 vacuis
296 3614 427 3686 relictis
439 3621 548 3686 notae
560 3613 753 3687 historicae
767 3616 1011 3710 offendantur,
1030 3639 1123 3710 quae
1136 3619 1248 3688 uariis

151 3713 319 3784 manibus
337 3721 515 3786 exaratae
530 3715 576 3786 ab
591 3738 688 3787 anno
702 3718 795 3788 1341
812 3715 894 3787 inde
908 3739 1018 3810 usque
1033 3715 1085 3787 ad
1097 3741 1133 3788 a.
1150 3717 1246 3789 1476
1367 3805 1371 3810 Ι

150 3834 210 3885 res
226 3819 350 3906 aestas
367 3821 551 3886 enarrant.
587 3813 743 3888 buriates
760 3819 875 3888 nostri
891 3818 1117 3889 inueniuntur
1133 3817 1171 3887 in
1182 3816 1245 3900 foi.

152 3913 200 3984 74
218 3927 329 4007 usque
346 3916 382 3985 in
398 3910 555 4000 tolcae<
586 3914 788 4009 Diuaossus
800 3939 912 3988 manu
925 3940 994 3988 sua
1010 3915 1142 3988 adiecit
1156 3915 1246 3988 mui-

148 4016 207 4083 ias
225 4021 333 4086 notas
358 4014 592 4110 marcianes,
609 4038 703 4110 quas
719 4037 842 4088 omnes
861 4016 908 4086 ab
925 4015 1030 4089 huius
1048 4017 1166 4110 operis
1177 4020 1246 4104 fine

149 4110 306 4209 alienas,
333 4114 426 4188 dare
443 4117 639 4190 omisimus.
674 4115 949 4211 Descripserant
972 4119 1045 4190 iam
1074 4116 1244 4212 codicem,
