3040 4856
376 365 592 444 ANNALES
620 351 1010 442 usellovruusus.
1165 368 1257 440 101·

141 569 251 668 19111,
284 579 323 643 et
351 567 488 642 ibidem
517 567 638 641 dictus
665 569 780 640 frater
804 564 1022 638 Marcissius
1054 585 1140 635 cum
1167 587 1237 635 sua

143 681 264 744 matre
279 668 391 741 nobili
407 671 452 741 de
468 668 751 742 vaevoronicze
767 664 1011 763 corporaliter
1023 661 1237 761 requiescit.

221 773 326 845 1379.
361 767 511 842 siccitas
548 778 629 840 erat
664 767 794 840 estatis
831 789 971 861 magua
1005 763 1117 836 nimis
1152 762 1236 860 ipso
1292 833 1294 840 ,

140 893 254 966 anno,
273 890 452 940 mensura
467 867 626 963 siliginis
642 867 813 939 solvebat
826 865 988 938 mediam
1003 886 1237 960 sexagenam

141 992 375 1066 grossorum.
428 968 570 1039 Eodem
596 991 695 1040 anno
722 966 814 1038 feria
842 965 1007 1038 secunda
1035 972 1123 1036 ante
1147 987 1345 1060 pen-nnuc.

140 1071 342 1142 thecosten
368 1090 441 1138 una
468 1069 674 1140 ebdomada
710 1065 870 1138 ecclesia
912 1063 1123 1161 campanile
1151 1087 1237 1135 oum
1305 1144 1307 1150 .

141 1168 248 1243 bonis
288 1167 481 1263 campanis
521 1176 559 1238 et
592 1165 872 1261 dormitorium,
911 1169 1020 1238 stuba
1065 1163 1237 1258 fratrum,

141 1268 258 1342 multa
278 1265 423 1339 edificia
440 1267 478 1339 in
504 1266 755 1361 monasterio,
795 1265 919 1338 media
950 1287 1039 1362 pars
1078 1261 1237 1336 civitatis

142 1366 425 1462 aromatarium,
468 1365 529 1462 qui
566 1367 663 1462 ignis
702 1365 850 1438 civitate
882 1367 1037 1437 ardente
1068 1362 1105 1434 in
1137 1386 1238 1434 canr-

141 1467 267 1566 panile
287 1467 444 1538 veniens
470 1465 592 1563 ipsam
621 1465 826 1538 succendit.
904 1465 1044 1536 Eodem
1064 1486 1163 1544 anno
1185 1463 1234 1534 ci·

140 1569 237 1641 vitas
257 1565 471 1640 Radomske
504 1576 595 1660 tota,
621 1565 742 1638 eciam
762 1564 923 1638 ecclesia
944 1574 981 1636 et
1009 1560 1081 1634 alie
1109 1561 1236 1635 civita-

140 1680 199 1741 tes
220 1675 495 1739 cremaverunt.
580 1668 721 1739 Eodem
741 1688 839 1737 anno
867 1663 905 1735 in
935 1688 1054 1760 regno
1083 1663 1235 1758 polonie

141 1779 180 1840 et
197 1767 290 1840 alias
310 1776 481 1863 ternpore
500 1767 695 1863 autumpni
723 1789 862 1862 magna
892 1763 1031 1860 ingruit
1057 1762 1237 1860 pestilen-

139 1869 210 1965 cia,
227 1867 266 1939 in
285 1891 358 1964 qua
378 1865 479 1938 cives
499 1866 627 1963 plures
646 1867 935 1938 lllechovienses
955 1863 1135 1938 obierunt.

220 1969 327 2040 1377.
347 1965 524 2040 Czcuicus
536 1965 756 2062 prepositus
777 1989 919 2060 organa
951 1963 989 2036 in
1005 1964 1118 2035 choro
1141 1961 1236 2032 ordi-

138 2065 251 2138 navit.
303 2067 445 2138 Eodem
459 2063 580 2138 eciam
596 2088 694 2137 anno
709 2088 808 2138 nova
821 2064 984 2160 legenda
1003 2061 1233 2136 matutinalis

138 2167 262 2240 fuerat
280 2175 507 2262 comparata.
619 2203 637 2235 .·

213 2268 321 2338 Anno
353 2263 502 2336 Domini
536 2267 642 2339 1384.
672 2288 741 2362 per
771 2266 951 2337 domnum
979 2261 1234 2360 patriarcham

128 2364 479 2438 'terusotimitanum
511 2374 683 2462 ternpore
721 2362 1038 2462 quadragesimali
1072 2365 1233 2434 domnus

137 2466 265 2536 doctor
291 2463 503 2536 Stanislaus
531 2465 728 2557 Stoyconis
757 2465 793 2536 in
821 2464 1059 2561 prepositura
1084 2462 1234 2536 11199119-

137 2563 260 2636 viensi
278 2560 531 2634 confirmatus
588 2565 729 2635 Eodem
749 2589 847 2635 anno
866 2565 903 2635 in
929 2562 1113 2635 dominica
1139 2561 1234 2634 lubi·
1257 2593 1308 2638 un.
1319 2591 1340 2640 1.

136 2663 213 2734 late
235 2663 351 2735 frater
369 2661 527 2734 Michael
559 2663 606 2734 de
637 2663 854 2736 Radomslre
886 2665 931 2734 ad
951 2663 1120 2735 ordinem
1149 2685 1232 2734 sus·

138 2772 282 2860 ceptus.

210 2865 318 2936 Anno
326 2861 475 2934 Domini
490 2863 594 2936 1385.
609 2873 852 2960 prenarratus
862 2859 1231 2956 lllechoviensispre-

134 2963 281 3058 positus
296 2961 505 3034 Stanislaus
524 2964 760 3036 decretorum
780 2966 921 3058 doctor,
945 2963 1063 3042 frater
1082 2959 1233 3056 religio}
1284 2989 1286 2994 ⁴

136 3085 215 3157 sus,
225 3061 415 3136 inchoavit
429 3087 579 3135 murare
590 3066 742 3136 domum
757 3063 943 3137 refectorii
954 3088 974 3135 a
984 3063 1228 3134 fundamento

133 3164 179 3234 ad
194 3185 399 3258 summurn,
419 3187 440 3235 a
455 3163 656 3261 campanili
673 3164 862 3238 transiens
888 3187 995 3236 muro
1015 3161 1157 3235 curiam
1175 3172 1229 3234 to·

133 3272 211 3334 tam
230 3261 485 3334 circumduxit.

209 3363 316 3432 Anno
345 3364 450 3435 1387.
487 3362 594 3436 villas
636 3361 866 3437 Pstrossicze
904 3373 941 3436 et
965 3361 1228 3434 Brzuchanam

131 3458 170 3531 in
196 3459 451 3558 provisionem
476 3463 631 3538 fratrum
653 3463 956 3537 conventualium
975 3463 1201 3561 preparavit.
1257 3453 1259 3458 ’

211 3564 318 3636 1388.
343 3561 553 3658 orologium
581 3573 619 3635 et
645 3563 717 3634 duo
744 3563 969 3636 ceroferaria
993 3586 1063 3636 seu
1090 3566 1225 3636 cande-

131 3660 236 3733 labra
255 3671 415 3734 stannea
433 3687 501 3758 pro
522 3663 684 3735 ecclesia
703 3662 957 3736 111991191191191
977 3663 1156 3735 ordinata.

209 3763 314 3834 1386.
341 3785 406 3833 rex
423 3763 632 3836 Vladislaus
652 3763 803 3836 Polonie
829 3789 913 3835 curn
942 3765 1085 3836 duobus
1114 3760 1225 3833 uteri-

130 3857 188 3932 nis
208 3859 382 3933 sratribus
408 3871 447 3934 et
477 3862 558 3935 aliis
585 3864 712 3936 multis
742 3863 971 3961 principibus
1004 3872 1054 3934 et'
1075 3861 1225 3956 boyaris

130 3958 307 4034 Litvvanie
326 3961 484 4035 veniens
508 3962 727 4037 Craooviam
745 3963 858 4036 fidem
878 3963 1121 4036 christianam
1141 3957 1225 4034 sus·

90 4135 91 4139 ,
132 4060 250 4157 cepit,
277 4059 463 4134 dominica
488 4064 577 4136 Esto
606 4063 695 4134 mihi
722 4066 942 4161 baptizatur⁷
970 4074 1170 4136 coronatur
1188 4061 1226 4133 in

130 4182 292 4257 reguum
318 4161 485 4262 Polonie,
511 4163 692 4262 Hedvigis
720 4161 794 4237 lilia
820 4165 996 4240 Lodovici
1022 4162 1225 4262 1915191111-
