3060 4828
210 253 212 257 ’
276 277 326 350 ao
412 274 627 350 annuus
654 274 869 350 carison
897 277 1246 352 cracoviensis

277 497 435 576 parcere
450 475 638 571 nocenti,
653 490 725 572 q'ue
741 499 812 550 nec
826 487 940 575 prece
954 501 1026 550 nec
1039 476 1166 577 precio
1189 477 1292 551 valet
1300 501 1372 552 nec

269 575 439 650 *servicio
465 579 512 650 ad
539 575 834 650 misericordiam
863 577 1053 675 inclinari,
1078 578 1253 652 homines
1288 579 1371 652 naci

268 680 429 774 addunt,
447 677 661 750 sanctuaria
680 676 828 754 Domini
845 676 935 774 igne
954 689 1135 763 cremant,
1160 689 1278 751 totam
1297 689 1371 752 ten

277 801 357 850 ram
373 777 655 876 depopulantur.
682 777 857 852 Castrum
875 777 1110 862 Sandomirie
1130 780 1252 876 magis
1270 779 1370 852 calli·

271 878 391 951 ditate
408 877 482 952 doli
502 901 615 975 quam
633 881 768 952 robore
780 877 915 952 virium
931 879 1095 976 capiunt,
1112 879 1149 951 in
1167 904 1242 976 quo
1259 879 1371 977 pluri·

267 978 349 1052 mis
369 979 518 1071 occisis,
536 1002 678 1076 paucos
698 978 869 1052 residuos
895 979 1129 1077 captivantes
1148 981 1369 1054 cracoviam

273 1089 364 1152 nint
380 1078 558 1176 ingressi,
576 1078 637 1154 ubi
656 1079 830 1152 homines
850 1079 1032 1176 plurimos
1040 1080 1271 1176 occiderunt,
1289 1081 1371 1178 plu·

275 1179 391 1252 nmos
407 1180 529 1252 eciam
542 1178 711 1276 captivos
733 1203 865 1252 secum
884 1203 970 1252 oum
996 1184 1111 1278 preda
1132 1181 1296 1254 maxima
1318 1183 1367 1253 ad

274 1279 424 1378 propria
442 1288 656 1352 remeantes
685 1279 781 1354 illesi
807 1282 1050 1354 abduxerunt
1092 1281 1136 1354 Et
1159 1281 1209 1354 hii
1227 1281 1369 1354 Saudo»

274 1381 382 1454 mirie
403 1379 837 1477 etCracovieprcvinciis
857 1383 970 1454 cedes
985 1384 1149 1479 dampna
1168 1379 1368 1454 etaxcidia

274 1480 448 1582 graviora
468 1481 651 1579 prioribus
674 1481 865 1554 Thartaris
887 1479 1112 1557 inflixerunt

351 1583 457 1656 1260.
477 1580 809 1678 quidambomines
827 1581 1003 1654 turbatim
1015 1581 1227 1678 glomerati,
1244 1603 1366 1679 usque

270 1683 316 1755 ad
326 1680 541 1755 umbilicum
551 1705 709 1780 corpore
721 1681 825 1776 nudi3
840 1691 998 1779 agentes
1009 1681 1276 1780 penitenciam,
1293 1701 1366 1778 que

272 1781 392 1854 fertur
421 1781 565 1855 Perusii
598 1783 791 1882 recepisse
821 1783 1035 1876 exordium,
1069 1802 1189 1880 quam·
1208 1781 1363 1876 laycalis

269 1885 378 1956 turba
388 1881 620 1956 Thentonioa
633 1883 995 1956 fnitferventissime
1008 1883 1234 1980 amplexata,
1251 1881 1366 1954 velati

270 1983 388 2056 oculis
412 2007 479 2056 ssa
502 1985 735 2056 nudadorsa
764 1982 1001 2080 flagellantes
1025 1981 1186 2080 llagellis
1206 1982 1364 2080 singulis

154 2119 157 2128 ⁴
271 2083 500 2181 quadruplici
527 2083 685 2182 corrigia
705 2083 924 2157 connodatis
943 2085 1164 2158 Cracoviam
1182 2081 1365 2157 intrantes

268 2184 352 2282 ipsa
372 2185 584 2282 penitencia
602 2196 755 2283 peracta
776 2187 821 2258 ad
842 2185 1025 2258 ecclesias
1036 2237 1186 2259 ......
1213 2187 1260 2258 de
1279 2183 1366 2256 civi-

268 2295 347 2358 tate
375 2285 497 2358 subito
522 2295 612 2357 sunt
641 2284 798 2380 egressi.
840 2285 885 2358 Et
909 2285 961 2356 hii
989 2285 1073 2382 quia
1100 2284 1364 2358 auctoritatem

270 2384 431 2458 ecclesie
452 2407 524 2481 que
542 2385 646 2481 ipsos
658 2407 897 2480 nequaquam
916 2387 1075 2457 decebat
1092 2394 1238 2458 temere
1253 2409 1365 2458 usur

264 2489 420 2583 -pabant,
448 2485 485 2556 in
503 2484 622 2581 ipsius
641 2483 803 2558 ecclesie
822 2483 1067 2582 preiudicium
1088 2496 1127 2558 et
1155 2510 1364 2582 gravamen

268 2590 314 2660 ab
332 2585 416 2684 ipsa
435 2585 596 2660 eeclesia
616 2595 704 2658 sunt
717 2583 850 2658 deiecti
866 2596 904 2658 et
921 2595 1100 2683 tanquam
1119 2587 1367 2684 pseudopeni-

267 2697 393 2760 tentes
413 2709 482 2760 suo
501 2709 629 2760 errore
650 2686 799 2784 cognito
811 2710 892 2761 ,non
913 2687 1007 2758 ultra
1029 2686 1228 2781 coniuncti,
1246 2688 1363 2763 immo

264 2799 357 2862 sunt
382 2791 429 2860 ab
453 2787 615 2860 invicem
643 2785 817 2884 separati.
860 2785 1074 2858 Penitenoia
1102 2784 1215 2880 igitur
1232 2809 1363 2863 eorum

265 2912 340 2988 qne
358 2912 426 2986 per
445 2912 487 2961 se
506 2889 629 2986 ipsam
650 2885 812 2982 sumpsit
830 2885 1037 2980 exordium,
1057 2883 1236 2958 deficiens
1253 2887 1363 2961 desiit

92 2977 97 2987 ¹
149 3016 160 3032 ²
265 2990 303 3060 in
323 3011 478 3085 seipsa

295 3147 299 3152 .
344 3089 451 3161 1260.
478 3087 653 3161 Albertus
669 3083 1175 3183 prepositusLanchiciensis
1195 3097 1233 3158 et
1252 3112 1361 3162 cano·

263 3185 1362 3284 nicusCracoviensis,quicontulitvillamzelonkiecclesie

267 3288 528 3384 Cracoviensia
553 3287 653 3362 obiit.
705 3286 820 3358 Lelov
845 3297 1008 3359 castrum
1038 3311 1106 3385 per
1131 3287 1359 3362 Kazimirum

263 3394 401 3463 'ducem
432 3387 625 3463 edificatur
659 3397 696 3460 et
730 3385 856 3460 statim
888 3411 957 3486 per
983 3387 1198 3461 Bolezlaum
1226 3392 1360 3462 ducem

263 3489 480 3564 destruitur.
535 3539 538 3546 ,
902 3528 906 3537 ·

261 3621 265 3632 ·
345 3592 461 3665 1262.
488 3589 650 3662 loannes
674 3589 894 3685 capellanus
919 3591 966 3660 de
988 3587 1182 3658 Laboricia
1204 3592 1260 3662 16.
1280 3587 1359 3660 Kal.

262 3690 426 3763 ⁴ianuarii
445 3689 543 3763 obiit.
580 3687 793 3763 Semovitos
814 3687 886 3758 dux
906 3685 1072 3757 Mazovie
1091 3710 1112 3758 a
1130 3687 1297 3762 Lituanis
1322 3689 1360 3760 in

264 3791 400 3864 lazdov
418 3791 456 3862 in
479 3788 606 3886 vigilia
630 3787 728 3861 beati
747 3785 922 3858 iohannis
942 3785 1103 3883 baptiste
1131 3788 1309 3861 occiditur
1321 3797 1362 3862 et

260 3892 462 3965 ssunrndns
476 3888 577 3962 filins
592 3887 673 3960 eius
694 3886 848 3982 capitur.

263 4045 268 4052 .
343 3993 448 4066 1263.
486 3988 648 4062 ecclesia
680 3985 800 4059 sancti
824 3984 938 4058 lllaroi
966 3990 1010 4060 ad
1030 3987 1166 4070 fratres
1185 3989 1229 4059 de
1255 3985 1359 4085 peni-

262 4089 387 4162 tencia
406 4092 601 4162 beatorum
622 4087 818 4160 martirum
834 4086 871 4158 in
901 4086 1048 4160 civitate
1077 4089 1261 4160 fundatur.
1288 4087 1360 4160 illc·
