3060 4828
313 259 529 336 lunatas
556 261 771 337 CAPITULl
798 263 1149 340 CllACOVlENSlS.
1234 265 1283 341 29

188 470 300 559 gatus
329 485 352 534 a
373 461 493 536 latere
519 462 621 537 sedis
647 461 887 561 apostolice
877 489 914 536 m
932 475 1060 563 partes
1076 463 1284 540 Poloniect

180 561 282 636 alias
301 561 526 660 destinatus,
553 562 790 636 concilium
781 588 818 634 ιιι
842 565 1081 638 Wratizlavia
1105 566 1283 664 sollemp-
1372 649 1374 652 ¹

185 661 283 736 niter
306 661 396 736 lecit
419 675 458 737 et
482 663 619 737 multas
646 663 940 739 constituciones
966 665 1178 740 salutiferas
1207 677 1282 739 sta·

184 773 296 836 tuens
309 762 433 837 sanxit
450 767 645 838 tenendas.
672 763 1006 840 Hrcvenerabrlem
1018 770 1282 865 patremdom

184 887 275 936 num
302 864 459 937 Paulum
493 865 655 939 ecclesie
682 861 943 940 Cracoviensis
968 867 1178 964 predictum
1205 866 1281 965 epi·

182 986 344 1077 scopum
358 961 619 1063 tunolelectum
631 987 748 1063 super
760 965 1086 1078 archiepiscopum
1099 977 1136 1039 et
1146 991 1280 1040 omnes

184 1063 387 1164 episcopos
407 1065 558 1138 Polonie
577 1065 646 1138 fuit
668 1066 905 1163 propensiori
934 1069 1063 1139 favore
1090 1077 1127 1139 et
1151 1066 1280 1164 gracia

178 1174 437 1278 prosequutus
458 1175 496 1237 et
512 1166 667 1239 honoris
686 1165 858 1278 ampliori
886 1167 1142 1265 preminencia
1160 1169 1279 1240 hono·

179 1264 289 1337 ravit.
332 1264 401 1338 Hic
427 1265 555 1362 quinto
582 1266 664 1338 Kal.
690 1265 813 1338 lulii
804 1290 840 1337 rn
867 1266 1086 1341 Cracoviam
1119 1267 1335 1342 veniensnn
1337 1283 1391 1333 ιι

176 1376 339 1477 patema
358 1365 499 1464 pietate
518 1365 724 1465 plnssolito
740 1369 964 1478 exuberans,
982 1367 1278 1481 benignissimus

178 1464 219 1536 in
240 1466 382 1538 clerum
398 1476 436 1540 et
448 1466 576 1560 laycos
593 1466 778 1565 apparuit,
795 1477 915 1540 toturn
927 1467 1277 1542 mansuetissimum

173 1565 356 1639 eisdem
346 1592 383 1638 rn
407 1567 579 1641 omnibus
610 1591 653 1640 se
675 1578 912 1664 presentans.
1009 1569 1152 1641 Eodem
1178 1591 1277 1640 anno

176 1667 297 1739 tercio
323 1667 426 1740 Ydus
454 1667 689 1765 Septembris
717 1670 877 1741 domnus
904 1667 1066 1742 Goslaus
1100 1669 1317 1766 antiquuss
1318 1695 1389 1752 un.

177 1767 385 1840 canonicus
405 1767 668 1842 Cracoviensis
693 1768 838 1865 primus
858 1766 1028 1842 officialis
1052 1780 1089 1842 et
1107 1768 1277 1884 peniten-

180 1866 317 1940 ciarius
353 1868 481 1940 domni
512 1868 614 1942 Pauli
646 1868 781 1967 prefati
809 1869 1072 1944 cracoviensis
1108 1869 1277 1967 episcopi

179 1967 279 2040 obiit.
323 1967 406 2041 Dux
439 1968 651 2042 Kauimirus
685 1969 783 2041 obiit.
827 1969 896 2040 Hic
929 1969 1088 2043 affabilis
1116 1971 1277 2042 multum

180 2069 271 2141 extit
272 2067 312 2163 it,
256 2069 469 2142 tlautam
481 2092 654 2154 mensam
673 2068 805 2164 tenuit,
823 2069 995 2166 hospites
1013 2093 1170 2141 nuncios
1180 2093 1274 2142 mrro

177 2167 345 2241 caritatis
364 2168 503 2241 affectu
513 2167 724 2266 suscipiens
735 2168 1007 2265 benignissime
1021 2169 1276 2267 pertractavit,

176 2272 225 2342 ob
245 2293 358 2366 quam
378 2293 533 2342 cansam
553 2269 712 2342 celebris
738 2269 840 2341 fame
859 2269 1036 2367 preconio
1063 2275 1110 2342 ab
1135 2269 1275 2366 ignotis

179 2370 318 2442 meruit
345 2368 528 2467 insigniri.
562 2373 702 2441 Verum
734 2369 855 2442 eciam
884 2370 1044 2443 affabilis
1076 2370 1274 2468 graciosus

177 2470 412 2566 multumque
441 2469 678 2544 inferioribus
701 2469 943 2568 predilectus,
971 2495 1059 2544 narn
1092 2493 1138 2543 eo
1160 2471 1275 2544 domi·

178 2571 427 2643 nantenullus
446 2570 676 2667 palathinnS,
695 2570 818 2642 nullus
828 2570 1077 2666 castellanus,
1096 2570 1220 2645 nullus
1235 2571 1273 2644 in

178 2693 416 2768 quacumque
443 2671 624 2768 dignitate
653 2670 877 2742 constitutus
900 2669 1015 2741 ullam
1034 2670 1272 2768 violenciam

176 2770 293 2842 ullam
321 2771 574 2869 calumpniam
601 2771 663 2842 vel
689 2769 881 2883 aliquam
871 2769 1045 2844 iniuriam
1065 2794 1182 2844 ausus
1204 2725 1274 2843 ruti

175 2869 329 2968 inferre
348 2896 418 2945 nec
436 2872 566 2946 fenum
586 2895 720 2970 rapere
731 2895 803 2942 nec
820 2870 896 2944 virn
917 2869 1270 2969 aliquamirrogare.

175 2927 352 3044 Divinuin
371 2970 536 3044 officium
549 2973 715 3045 multum
735 2972 863 3044 dilexit
880 2982 917 3044 et
935 2971 1181 3045 affectuosius
1206 2997 1270 3045 au

169 3070 305 3168 ‘diensp
334 3072 423 3144 fecit
449 3071 594 3170 sepius
584 3072 735 3146 missas
764 3083 982 3146 sanctorum
1010 3072 1271 3171 sollempniter

175 3171 368 3245 celebrari.

250 3271 393 3344 Eodem
428 3296 526 3343 anno
553 3271 737 3368 magister
763 3271 919 3344 lacobus
942 3275 1108 3344 decanus
1133 3273 1268 3347 Cracc-

172 3367 331 3482 mensis,
351 3369 573 3444 scolasticus
588 3371 908 3466 bamberigensis‚
929 3380 1059 3444 cantor
1071 3371 1269 3445 Wladrzla

175 3466 330 3562 vionsis⁷
345 3469 893 3567 canonicuswratizlaviensis,
905 3470 1121 3569 capellanus
1140 3471 1268 3543 domni

173 3592 273 3666 pape
301 3581 339 3642 et
365 3572 467 3667 regis
492 3570 673 3642 Bohcmie
699 3569 789 3643 obiit
818 3576 873 3645 11.
891 3572 981 3644 Kal.
1000 3571 1097 3644 Maii.
1137 3570 1238 3642 Hic
1229 3592 1331 3650 ιιιιι.
1338 3591 1367 3642 21

172 3667 386 3744 Skarcssov
405 3674 451 3744 de
469 3668 681 3770 hospitibus
700 3673 918 3770 parentibus
938 3669 1058 3744 extitit
1075 3671 1266 3744 oriundus.

171 3767 241 3842 Hic
260 3767 384 3868 exigui
401 3771 581 3870 corporis,
598 3795 716 3869 parve
736 3782 893 3869 stature,
911 3773 1018 3868 nigro
1039 3771 1114 3869 pilo
1137 3795 1267 3884 quarn·

171 3893 286 3984 quam
307 3870 489 3966 extiterit,
515 3895 640 3984 quarn
645 3871 825 3970 plurimis
850 3883 978 3945 tamen
1008 3867 1265 3968 magnitudine

170 3970 330 4048 scientie
353 3971 548 4087 utriusque
572 3970 662 4044 iuris
686 3972 855 4044 canonici
880 3983 917 4044 et
937 3971 1068 4066 civilis.
1092 3994 1164 4044 nec
1190 3995 1266 4044 non

170 4075 333 4146 candore
352 4095 544 4170 sapiencre
554 4071 799 4170 preminebat
824 4072 1014 4172 Nempem
1027 4071 1264 4172 philosophie
