3040 4856
297 370 511 448 ANNALES
526 369 878 447 CRACOVlENSES
896 368 1088 444 Bnuvus.
1191 371 1240 444 93

150 572 239 638 1282.
262 572 362 634 fames
383 571 546 634 horrenda
567 571 639 646 futu
662 591 733 632 nam
757 587 903 632 mensura
930 569 1061 651 siliginis
1084 567 1176 631 solvit
1200 569 1238 632 13

262 656 358 718 scotis
381 657 511 735 argenti.

149 740 238 804 1283.
262 740 324 799 dux
356 739 467 801 Leston
501 737 708 818 congrediens
746 756 815 798 curn
852 736 1000 798 Litwanis
1033 736 1064 796 in
1108 735 1238 809 llowne,

261 821 375 884 devicit
397 843 453 884 cos
477 830 508 882 et
531 820 683 902 plurimos
706 841 744 882 ex
767 819 811 880 eis
842 819 964 881 occidit.

446 1203 935 1236 ···-··-·*———

332 1616 581 1700 ANNALES
613 1614 1046 1699 MECHOVIENSES.

141 1739 231 1872 Qui
246 1779 443 1868 sequuntur
461 1773 612 1845 annales
637 1772 688 1844 ad
704 1771 892 1844 historiam
911 1771 1119 1844 Potonicam
1137 1795 1233 1846 saec.

141 1877 192 1948 Xl
198 1875 231 1946 V.
249 1873 502 1945 illustrandam
522 1896 593 1944 non
613 1875 730 1966 eaput
746 1877 829 1944 sunt
846 1874 1024 1944 momenti.
1078 1872 1232 1945 llliecho·
1369 1895 1372 1900 ·

142 1977 222 2046 uiae
239 1974 391 2064 scriptos
410 1996 484 2044 esse
502 1975 623 2044 statim
643 1972 764 2044 elucet.
818 1971 889 2043 -Est
912 1978 1030 2043 autem
1053 1971 1233 2065 ‚'‚hliecho·

141 2077 201 2146 aia
219 2071 388 2166 oppidum
407 2095 480 2144 non
496 2072 648 2166 ignobile
666 2071 815 2143 minoris
832 2071 1014 2163 Palaniae,
1031 2073 1067 2142 in
1086 2072 1233 2146 declivio

141 2175 283 2263 montis,
302 2171 353 2243 ad
375 2171 518 2244 radices
544 2169 921 2244 circumodiacentium
948 2171 1090 2244 collium
1114 2175 1232 2266 situm,

140 2277 291 2370 quinque
306 2273 531 2365 parasangis
548 2295 611 2344 seu
628 2271 839 2343 milliaribus
864 2271 1039 2343 Potonicis
1057 2296 1080 2343 a
1100 2273 1232 2345 Craco·

140 2376 199 2445 cia
219 2377 403 2464 remotum,
422 2371 531 2456 fertili
549 2373 705 2444 studere
722 2372 799 2443 solo
818 2371 992 2464 locatum,
1019 2371 1232 2468 perindeque

141 2472 323 2545 cuiuslibet
347 2473 517 2556 tr‘urnenti
542 2477 577 2542 et
604 2471 818 2566 leguminum
850 2474 1113 2556 ferocissimum
1143 2473 1232 2544 est.“

143 2571 257 2659 Ouum
277 2575 394 2641 autem
414 2569 540 2640 trahitis
559 2573 612 2641 vir
637 2571 731 2640 lirun
756 2571 912 2648 Palonus
940 2595 963 2642 a
994 2573 1087 2643 1163
1116 2571 1232 2644 redux

138 2669 397 2762 Hierosolymis
408 2692 528 2741 secum
543 2675 775 2762 apportasset
785 2671 922 2753 hatres
937 2669 1104 2741 dominici
1116 2672 1232 2764 sepul·
1335 2709 1337 2713 >

138 2771 216 2843 chri
241 2768 568 2862 Hierasolpmitani‚
594 2771 642 2840 eis
662 2768 713 2840 ad
729 2771 985 2840 monasterium
1014 2769 1149 2842 ordinis
1175 2773 1233 2843 sui
1279 2771 1281 2775 ’

139 2871 342 2965 erigendum
371 2868 483 2939 nrulta
508 2892 587 2940 cum
619 2868 790 2962 largitate
820 2868 938 2940 uillam
969 2892 1058 2940 suae
1089 2869 1231 2942 ditionis

138 2969 371 3042 llliechooiam
391 2968 551 3040 tradidit.
606 2968 709 3057 Quod
726 2971 980 3040 mormsterium
999 2969 1152 3042 saeculis
1171 2971 1229 3042 de·

137 3069 360 3141 currentibus
379 3070 496 3162 mapis
514 3070 700 3164 ruapisque
718 3072 829 3141 crevit
845 3074 878 3140 et
895 3075 1039 3141 auctum
1058 3075 1120 3140 est.

211 3170 335 3240 Liceat
365 3175 484 3240 autern
515 3167 583 3239 hoc
612 3168 692 3240 loco
718 3168 872 3240 laudare
893 3170 1012 3263 noerio
1030 3169 1156 3239 lacohi
1179 3169 1231 3240 Vi·

135 3270 243 3339 triaci
260 3271 294 3339 in
315 3268 549 3360 cap.581ihr.
568 3267 595 3339 Ι.
609 3267 781 3340 historiae
794 3290 882 3338 suae
899 3268 1088 3340 Orientalis
1103 3268 1146 3340 de
1164 3291 1230 3340 na-

134 3373 219 3438 tura
238 3370 400 3460 vitaeque
418 3369 688 3439 corruersatione
706 3367 843 3438 ordinis
862 3367 1028 3438 dominici
1052 3368 1230 3460 sepulchri

129 3466 304 3560 prolata:
323 3465 444 3537 Habet
457 3464 821 3559 Hierosolymitanus
841 3466 1052 3564 patriarcha
1073 3471 1227 3541 abbates

134 3563 174 3639 et
190 3566 335 3663 priores
356 3565 425 3638 sibi
445 3565 648 3661 subiectos,
667 3565 830 3663 insignia
849 3565 1088 3664 pontificalia,
1115 3572 1227 3640 bacu-

131 3666 191 3738 los
212 3667 355 3738 scilicet
373 3676 411 3738 et
429 3667 573 3760 mitras⁷
592 3666 809 3747 annuloset
828 3667 994 3746 sandalia
1014 3691 1060 3739 ex
1079 3667 1227 3764 privile·

131 3766 194 3863 gio
211 3765 401 3862 dignitatis
420 3766 619 3863 habentes,
639 3767 789 3840 domino
809 3767 1044 3865 patriarchae
1063 3767 1101 3839 in
1121 3768 1228 3840 mini·

131 3865 247 3939 sterio
266 3875 486 3938 reverenter
504 3867 741 3940 assistentes.
761 3867 1022 3940 Patriarohalis
1041 3867 1226 3964 siquidem

132 3965 306 4064 ecclesia⁷
325 3989 422 4064 quae
442 3977 501 4040 est
517 3967 667 4040 Domini
686 3969 875 4065 sepulchri
901 3971 968 4040 suh
990 3978 1117 4042 rnonte
1142 3970 1226 4044 Cal·
1264 3961 1266 3966 ’

129 4067 270 4162 variae,
290 4066 492 4141 canonicos
518 4067 632 4141 habet
657 4069 865 4166 regulares,
890 4072 1096 4142 secundum
1119 4070 1225 4166 *hati-

129 4175 211 4239 tum
238 4178 276 4240 et
301 4169 472 4265 regulam
499 4168 571 4242 divi
604 4169 802 4268 Augustini
831 4170 1013 4245 viventes,
1077 4171 1225 4244 Habent
