3040 4856
380 364 595 439 ANNALES
624 363 995 439 MECHOVIENSES.
1185 363 1234 438 65

143 590 174 640 u.
202 565 415 638 celsissimus
442 589 488 636 uc
512 564 738 638 doctissimus
763 564 974 660 Bitschhoto⁷
1003 561 1234 635 bibliothecae

141 666 336 760 imperiulis
347 665 636 758 Petropolitunoe
650 664 936 737 bibliothecarius
948 665 1111 759 superior
1127 663 1235 734 libro·

143 790 290 860 rumque
308 767 633 859 manuscriptorum
653 769 689 838 in
707 789 750 836 eu
771 771 1040 838 usservutomrm
1058 769 1188 835 custos.

218 865 262 961 2)
290 864 438 936 Samuel
454 864 639 936 Nohielshi
654 867 691 934 in
708 865 799 936 libro
817 889 904 936 suo:
923 863 1132 936 Miechovia
1151 862 1233 934 sive

143 963 442 1061 Promptuariunr
463 963 723 1060 antiquitatum
745 963 963 1036 monasterii
983 962 1234 1036 Miechovien·

144 1065 208 1157 εἰε,
228 1063 432 1139 Cracoviae
460 1087 492 1136 a.
511 1063 553 1134 D.
585 1066 690 1138 1634.
716 1065 809 1136 edito
835 1063 1023 1159 plerosque
1048 1063 1233 1136 canalium

142 1171 347 1237 nostrorum
365 1167 505 1256 profert
521 1163 621 1235 locos
633 1188 678 1235 en
690 1164 823 1256 codice,
841 1171 881 1234 ut
897 1166 972 1257 ipse
985 1189 1055 1236 non
1071 1186 1145 1234 unu
1160 1165 1234 1233 uice

140 1267 289 1356 fetetnm
316 1269 450 1336 uetusto
477 1265 702 1336 conventuali
725 1266 969 1358 mcmuscripto
997 1263 1062 1360 (cf.
1086 1289 1122 1358 p.
1149 1263 1233 1337 256.

143 1365 227 1438 262.
247 1362 352 1458 267).
416 1362 630 1457 (luunquum
660 1371 876 1436 autemnon
903 1388 974 1436 uno
1002 1368 1038 1436 in
1064 1364 1143 1436 loco
1168 1384 1234 1434 suo

143 1465 293 1536 arbitrio
304 1463 431 1534 ductus
442 1465 624 1534 curiorum
637 1487 815 1536 annorum
833 1463 1024 1536 relationes
1041 1463 1233 1553 contruxit,

141 1570 263 1635 tumen
295 1564 453 1638 utrrietus
479 1562 666 1636 lectionum
684 1564 827 1658 produt,
853 1587 924 1634 non
951 1564 1099 1636 eundem
1122 1563 1234 1648 tuisse

139 1663 296 1737 codicem
320 1685 423 1734 suum
443 1686 488 1734 oc
505 1669 678 1735 nostrum.

217 1764 377 1836 Ceterum
396 1784 467 1834 non
487 1769 540 1834 est
556 1762 758 1855 tacendum,
779 1768 963 1834 auctorem
988 1763 1142 1855 primum
1170 1783 1234 1832 uu-

140 1861 277 1934 nulium
296 1860 604 1934 Miechouiensium
632 1865 861 1955 rescripsisse
893 1861 1044 1934 onnnles
1068 1863 1235 1955 antiquos
1282 1921 1284 1926 .

143 1963 406 2054 Grucovienses²
424 1961 490 2032 sed
504 1961 681 2056 plerisque
698 1965 734 2033 in
752 1963 840 2034 locis
859 1963 905 2034 nb
923 1960 1120 2033 Annalibus
1138 1963 1236 2053 copi·

141 2061 205 2132 tuli
220 2062 466 2134 Crucouicnsis
478 2084 592 2155 supro
607 2062 709 2135 editis
724 2063 894 2134 diuersos.
945 2060 1038 2133 Anni
1054 2063 1144 2132 eninr
1160 2062 1235 2136 955

141 2161 350 2234 relationem
370 2160 421 2232 ud
438 2165 581 2231 uerbum
599 2164 676 2246 fere
692 2163 838 2234 similem
859 2164 1013 2254 reperies
1031 2163 1067 2232 in
1095 2160 1235 2232 nnnttli·

141 2261 206 2334 bus
223 2261 387 2333 breuibus
405 2261 710 2354 Crucooiensibus‚
735 2285 849 2356 supra
868 2262 974 2334 distis.

212 2458 293 2512 Anno
314 2457 423 2510 Domini
444 2457 506 2512 stt.
526 2458 649 2513 intencio
668 2460 752 2514 sancti
773 2459 912 2531 Stephani.

213 2529 294 2586 Anno
315 2528 424 2582 Domini
444 2531 507 2583 955.
534 2531 699 2585 Damhrovca
722 2535 755 2584 ad
780 2532 934 2587 Mesconem
951 2532 1023 2586 venit
1045 2534 1078 2585 de
1094 2530 1234 2596 Bobenia,

141 2611 168 2657 et
186 2603 309 2728 sequendi
328 2620 398 2655 anno
413 2601 504 2656 Mesctr
525 2606 577 2656 dux
599 2605 731 2674 baptisma
751 2607 868 2676 suscepit
887 2615 914 2658 et
929 2605 994 2657 tides
1014 2605 1144 2658 catholica
1161 2606 1236 2659 reci-

161 2677 214 2730 itur
232 2676 259 2728 in
302 2674 399 2728 clonia.

141 2694 158 2747 p
213 2747 294 2802 Anno
313 2746 421 2800 Domini
441 2747 504 2801 997.
524 2759 631 2802 sanctus
650 2747 814 2804 Adalbcrtus
834 2767 928 2820 passus
948 2757 996 2802 est.

212 2821 293 2876 Anno
311 2818 417 2873 Domini
434 2819 514 2876 1003.
539 2821 667 2875 heremite
688 2821 842 2876 martirizati
864 2832 926 2876 sunt
944 2819 1099 2892 inl‘olonia
1120 2821 1235 2891 pridie

141 2891 457 2948 ldusNovembris.
488 2937 490 2940 .

212 2964 292 3020 Anno
317 2964 426 3020 Domini
454 2965 534 3022 1672.
567 2975 676 3021 sanctus
713 2966 863 3022 stanislaus
886 2966 1022 3052 percussit
1046 2964 1189 3036 Lamperto
1209 2973 1236 3019 et

138 3065 232 3129 postea
247 3065 342 3109 octavo
359 3073 429 3108 anno
445 3057 572 3111 videlicet
589 3057 668 3112 1079.
685 3075 764 3122 anno,
781 3059 955 3112 martirizatus
967 3067 1015 3123 est,
1031 3041 1236 3114 1191590111]-

142 3143 228 3212 dum
250 3139 343 3212 alios
366 3141 472 3213 1089.
492 3164 602 3212 anno.

211 3254 292 3308 Anno
311 3254 421 3309 Domini
443 3256 523 3312 1162.
544 3255 605 3310 laxa
624 3257 673 3310 ivit
693 3256 875 3310 lerosolimam
901 3251 938 3312 el
964 3243 1069 3314 1163.
1098 3240 1234 3311 fl'all'es

140 3335 315 3410 dominici
341 3339 530 3435 sepulchri
564 3350 749 3410 venerunt
775 3339 1011 3412 Mechoviam
1046 3363 1131 3412 curn
1159 3364 1233 3410 uno

141 3435 322 3512 canonico
341 3437 459 3511 misso
479 3463 500 3509 a
520 3439 703 3510 Monacho
725 3439 946 3535 patriarcha.

214 3534 293 3590 1171.
313 3547 420 3590 sanctus
440 3535 557 3590 Thomas
576 3537 792 3608 archiepiscopus
813 3535 1013 3592 cantuariensis
1033 3538 1137 3592 occisus
1156 3546 1206 3595 est.

214 3606 293 3662 1185.
313 3619 420 3663 sanctus
440 3607 580 3663 Florianus
600 3619 754 3680 apportatus
774 3619 814 3666 est
832 3608 999 3666 Cracoviam.

213 3680 293 3735 1223.
313 3685 379 3736 ordo
392 3680 595 3737 predicatorum
608 3693 634 3738 ει
650 3682 676 3736 H
684 3701 741 3752 osp
751 3683 758 3734 i
768 3693 775 3736 t
784 3701 890 3738 nnoru
901 3703 926 3738 m
947 3684 1019 3738 venit
1038 3681 1206 3737 Cracorium.

213 3753 293 3809 1236.
315 3754 410 3808 iratres
429 3753 547 3809 Minores
566 3767 696 3810 venerunt
715 3754 881 3810 Cracoviam.

212 3825 293 3880 1242.
312 3823 418 3881 Τεειεεί
436 3836 607 3882 vastaverunt
624 3828 775 3882 Poloniaur.

212 3897 292 3954 1244.
312 3901 365 3952 dux
385 3897 525 3953 Conrndus
544 3901 629 3954 victus
649 3902 734 3955 estin
755 3900 884 3955 Suchdol.

212 3971 292 4028 1254.
312 3981 420 4026 sanctus
439 3971 588 4027 Stenislnus
607 3975 726 4029 elevatus
746 3983 796 4028 εει.

211 4044 291 4100 1259.
318 4044 401 4100 Fulco
426 4045 643 4116 archiepiscopus
671 4045 839 4101 Gneznensis
864 4045 939 4110 obiit,
966 4046 1126 4101 lanusius
1146 4064 1233 4100 suc-

137 4116 240 4170 cedit.
297 4116 399 4172 Eodem
425 4136 496 4172 nuno
517 4117 621 4172 Tartari
646 4129 815 4175 vastaverunt
839 4117 995 4174 (Iracorium
1017 4130 1043 4174 et
1064 4117 1233 4175 Sandomiria

138 4197 213 4260 rapta
233 4197 283 4244 εει.
357 4189 460 4246 Eodem
480 4209 552 4249 anno
571 4201 641 4249 terre
661 4202 749 4248 motus
770 4192 855 4247 lactus
875 4202 924 4251 est.
