3040 4856
143 290 146 296 ⁵
240 351 293 424 ao
341 343 528 422 comm.
552 344 718 418 runnu
743 345 1039 424 rononouun
1064 344 1156 420 rm
1176 344 1232 421 nr.

241 546 462 622 consiliandi
487 555 526 619 et
551 547 597 619 de
623 546 782 643 negocio
802 546 1034 644 colloquendi
1061 571 1146 620 cum
1166 546 1258 644 ipsis
1278 567 1338 618 ac·

242 649 401 746 cipiens,
417 647 453 718 in
468 646 660 719 Poloniam
676 647 856 719 maiorem
872 647 1069 744 remeavit,
1084 648 1145 721 ubi
1160 647 1337 744 fugitivos
1452 659 1455 664 '

242 753 358 822 duces
374 747 525 820 Polonie
541 770 659 842 regno
683 747 944 821 incumbentes
967 749 1209 844 aggrediens,
1234 747 1339 844 quin-

243 847 421 946 quaginta
447 858 485 920 ct
511 871 555 919 eo
584 847 744 945 amplius
764 848 932 945 ipsorum
953 848 1133 920 fortalicia
1162 871 1336 920 cremans

243 961 280 1022 et
298 951 497 1020 destruens
517 949 683 1022 Cosczan
720 957 886 1020 castrum
915 951 1012 1044 quod
1039 950 1122 1045 plus
1149 948 1253 1044 genti
1272 949 1339 1020 Po·

241 1048 363 1121 lcnice
381 1047 601 1120 imminebat
620 1072 703 1119 cum
724 1047 889 1120 exercitu
916 1048 1076 1122 vallavit.
1128 1049 1186 1120 llii
1210 1058 1338 1120 autem
1444 1097 1449 1103 -

242 1149 304 1247 qui
319 1158 427 1221 erant
440 1148 477 1218 in
493 1158 616 1219 castro
633 1149 799 1220 conclusi
814 1151 859 1220 de
874 1149 945 1220 loci
960 1147 1135 1222 firmitate
1151 1159 1188 1220 et
1202 1149 1337 1220 virtute

243 1249 455 1322 animorum
475 1246 606 1320 confisi
621 1272 694 1319 non
711 1249 832 1321 solum
847 1273 980 1346 pacem
1000 1273 1074 1321 non
1093 1247 1264 1345 recipere
1281 1257 1340 1320 set

244 1348 427 1423 rebellare
443 1348 587 1421 fortiter
600 1352 886 1422 contendebant.
939 1349 1045 1436 Quod
1088 1351 1219 1421 videns
1238 1346 1336 1420 filius

244 1449 346 1546 regis
385 1448 727 1521 excellentissimus
760 1448 969 1521 Kazimirus
997 1473 1082 1522 cum
1109 1448 1271 1546 Ungaris
1300 1457 1338 1520 et

244 1550 337 1644 suis,
365 1549 461 1620 facto
481 1549 621 1645 impetu
642 1559 806 1621 castrum
836 1560 895 1622 est
922 1554 1144 1644 aggressus⁷
1177 1553 1274 1646 quod
1301 1559 1339 1621 et

244 1648 444 1746 acquirens
466 1660 638 1746 potenter
656 1673 773 1745 prope
796 1653 867 1721 100
883 1649 1076 1720 hominum
1097 1648 1233 1722 ibidem
1255 1673 1337 1747 per-

245 1749 356 1842 emit,
393 1748 491 1820 inter
525 1772 620 1844 quos
656 1759 762 1820 erant
792 1747 1063 1845 quinquaginta
1091 1749 1248 1844 galeati,
1276 1747 1338 1820 alii

187 1914 190 1918 .
244 1849 396 1942 Zlesite‚
423 1847 484 1920 alii
511 1847 683 1944 Bohemi,
709 1847 770 1920 alii
794 1849 981 1942 Almanni,
1006 1846 1167 1920 ‘multum
1194 1847 1337 1921 nobiles

245 1949 325 2045 viri,
345 1972 503 2046 quorum
522 1949 666 2046 nullum
684 1951 756 2019 dux
774 1948 982 2020 Kazimirus
1002 1950 1130 2021 vivere
1149 1948 1338 2046 permisit3

136 2105 146 2122 .
244 2049 345 2123 etsie
360 2058 492 2146 pacato
503 2073 621 2145 regno
637 2049 672 2121 in
684 2049 1023 2123 Cracoviamrediit
1038 2073 1123 2121 cum
1137 2049 1337 2147 triumpho.

318 2149 386 2221 Hic
401 2152 553 2222 tandem
565 2148 802 2244 Wladyslaus
818 2173 883 2222 rex
898 2149 1017 2222 dictus
1027 2148 1170 2222 Luctelr
1184 2149 1337 2222 Polonie

244 2249 403 2324 eximius
423 2260 509 2346 post
526 2250 664 2323 multos
685 2273 843 2346 agones7
870 2249 931 2321 ubi
950 2260 1078 2321 contra
1097 2251 1227 2322 hostes
1247 2273 1339 2344 gen·

243 2350 291 2422 tis
312 2349 465 2421 viriliter
489 2349 707 2444 decertavit,
740 2359 825 2447 post
850 2348 966 2421 multa
993 2349 1199 2421 certamina
1224 2349 1339 2420 victo·

244 2450 320 2522 rias
353 2449 564 2546 triumphos
590 2453 636 2521 de
666 2448 892 2522 adversariis
916 2474 981 2546 pro
1006 2449 1140 2547 placito
1163 2459 1336 2546 sumptos

244 2573 313 2648 pro
329 2559 415 2622 voto
432 2550 554 2623 adhuc
568 2548 708 2622 viribus
724 2549 890 2647 podem,
918 2573 1016 2622 anno
1040 2550 1148 2623 etatis
1180 2573 1247 2622 sue
1278 2573 1337 2622 se·

244 2649 483 2750 ptuagesimo
502 2649 633 2744 tercio,
661 2652 695 2723 6.
714 2652 841 2722 Nonas
859 2650 985 2722 Marcii
1000 2651 1185 2723 dominice
1207 2661 1336 2722 autem

244 2749 519 2823 incarnacionis
541 2754 651 2844 1333,
670 2749 706 2821 in
727 2774 906 2846 magnam
925 2750 1037 2822 totius
1058 2751 1209 2823 Polonie
1229 2753 1337 2822 deso·

243 2850 430 2922 lacionem
450 2860 486 2921 et
504 2849 698 2923 tristiciam
718 2851 842 2946 gentis
862 2852 1046 2922 decubuit.
1097 2852 1143 2922 nt
1161 2873 1246 2920 cum
1262 2849 1337 2920 iam

245 2973 288 3023 se
302 2950 523 3022 moriturum
539 2950 808 3046 presensisset,
827 2949 930 3021 fratri
954 2951 1073 3044 Helye
1101 2949 1240 3021 ordinis
1266 2949 1338 3021 fra·

244 3061 344 3122 trum
364 3049 655 3145 predicatorum,
675 3049 753 3120 viro
774 3051 1066 3122 conversacione
1086 3049 1281 3122 laudabilis
1302 3059 1338 3121 et

244 3150 282 3221 in
302 3148 403 3220 omni
428 3150 629 3221 honestate
656 3153 874 3246 approbato,
906 3149 966 3246 qui
995 3173 1111 3248 super
1138 3149 1262 3247 ipsum
1291 3151 1337 3220 de

245 3249 419 3323 omnibus
440 3250 518 3322 suis
535 3249 678 3322 delictis
694 3249 834 3322 domini
849 3273 946 3348 pape
966 3250 1209 3348 dispensandi
1225 3260 1262 3322 et
1276 3253 1338 3322 ab·

135 3446 137 3452 ,
244 3351 411 3424 solvendi
430 3349 581 3448 plenam
611 3361 648 3422 et
672 3349 926 3430 omnimodam
954 3353 1116 3425 habebat
1142 3350 1339 3422 auctorita-

244 3461 337 3547 tem,
358 3450 549 3523 humiliter
567 3451 687 3525 extitit
705 3476 844 3548 magna
865 3453 985 3526 cordis
1006 3476 1091 3525 cum
1111 3451 1338 3524 contricione

246 3552 458 3624 confessus.
510 3551 632 3638 Quem
651 3563 739 3650 post
764 3553 838 3624 hoc
863 3553 1082 3650 Spicimirus
1109 3552 1337 3623 castellanus

246 3650 511 3725 etlarosslaus
538 3652 822 3724 archidiaconus
852 3650 1127 3746 Cracoviensis‚
1161 3652 1223 3748 qui
1249 3662 1340 3723 tunc

245 3750 450 3825 infirmitati
476 3776 544 3824 sue
570 3763 760 3850 preerant,
787 3777 861 3823 non
887 3777 970 3824 cum
991 3776 1106 3850 parvo
1133 3750 1342 3824 fletu'allo·

247 3852 320 3925 cuti
340 3852 445 3924 fuere
464 3852 529 3924 tali
548 3856 677 3926 modo:
697 3852 848 3926 Domine
866 3875 941 3948 rec,
968 3861 1005 3926 tu
1024 3861 1104 3926 tuos
1123 3853 1267 3946 nubilae,
1288 3852 1340 3924 di-

246 3955 332 4022 vites
351 3959 384 4024 et
398 3977 592 4047 pauperes,
613 3956 768 4049 insiynes
794 3959 828 4024 et
851 3959 998 4048 parvos,
1024 3953 1197 4048 superbos
1221 3960 1256 4023 et
1276 3952 1340 4024 hu·

177 4143 182 4146 ,
247 4049 357 4143 miles,
381 4075 482 4124 senes
506 4060 540 4125 et
561 4056 703 4148 irruenes
726 4060 760 4126 et
783 4054 969 4148 quotalibet
993 4055 1030 4125 in
1054 4059 1151 4126 stulu
1175 4076 1240 4124 suo
1266 4055 1340 4125 sine

248 4149 500 4246 molestucioue
519 4153 675 4246 quolibet
695 4155 730 4226 iu
750 4154 852 4226 bonis
875 4160 908 4226 et
930 4155 1066 4226 iuribus
1090 4155 1249 4247 ipsorum
1273 4157 1341 4226 vite
