3040 4856
278 337 348 410 108
512 328 727 407 abortus
754 325 1126 408 MECHOVIENSE'SL

273 555 500 704 ppssessore
531 532 726 630 principali
754 544 792 604 et
817 535 954 606 domno
982 532 1134 606 Nicolao
1160 531 1367 604 castellano

323 631 561 726 oynioziensi.
612 634 666 705 Ab
702 632 846 705 eisdem
872 633 992 705 eciam
1018 632 1162 729 recepit
1186 632 1368 704 omnimo·
1495 709 1496 720 χ

275 735 362 804 dam
391 732 694 828 resignacionem
721 733 757 803 in
788 734 951 805 crastino
981 731 1276 805 circumcisionis
1294 731 1368 802 Do·
1495 727 1496 734 '

180 865 220 909 ιιι
223 863 265 910 2
276 831 365 903 mini
385 855 471 903 curn
490 832 770 904 intromissione
790 837 972 906 bonorum
991 833 1255 929 predictorum
1298 832 1369 904 Eo-

275 935 362 1004 dem
387 955 486 1004 anno
512 932 694 1004 domurn
685 957 722 1002 in
749 933 927 1007 Cracovia
948 935 993 1005 ad
1019 933 1197 1008 Sanctam
1225 930 1368 1004 Hedwi-

272 1031 364 1129 gim,
391 1036 526 1105 bonam
554 1043 592 1103 et
615 1032 783 1129 pulcram
810 1034 1045 1104 consumavit
1071 1055 1140 1106 seu
1166 1029 1367 1128 conplevit.

271 1156 386 1228 quarn
405 1132 476 1203 alio
496 1156 594 1204 anno
612 1142 724 1206 antea
742 1131 941 1243 inchoavit
993 1133 1088 1204 Item
1113 1135 1247 1206 eodem
1267 1154 1366 1202 anno

272 1231 446 1304 ibidem
438 1257 474 1303 in
511 1231 688 1306 Cracovia
718 1255 786 1304 seu
814 1230 851 1303 in
877 1231 1075 1305 Stradoma
1117 1233 1208 1304 cmit
1243 1242 1366 1304 ortum

274 1356 359 1402 curn
379 1355 468 1403 area
488 1341 526 1402 et
544 1333 712 1428 pomerio
822 1334 864 1404 13
882 1332 1032 1428 marcis,
1050 1332 1142 1404 item
1157 1335 1251 1404 duas
1271 1331 1364 1403 alias

274 1434 405 1505 domos
439 1456 504 1528 pro
540 1355 840 1528 171113101ᾍο
870 1432 1098 1504 monasterio
1119 1442 1250 1542 sancte
1269 1432 1366 1503 Hed-

199 1624 200 1628 ,
272 1531 390 1628 wigis.

347 1632 454 1702 Anno
481 1629 629 1703 Domini
651 1633 757 1704 1404.
784 1632 944 1702 domnus
970 1630 1128 1703 Michael
1149 1629 1364 1728 prepositus

273 1729 457 1802 ordinavit
484 1733 580 1825 quod
617 1729 804 1827 hospitate
846 1729 882 1801 in
922 1731 1138 1803 Zarnovecz
1165 1754 1251 1802 curn
1294 1754 1364 1802 suo

273 1829 454 1902 cimiterio
485 1829 553 1900 fuit
578 1829 771 1902 fundatum
797 1838 835 1902 et
861 1841 1123 1902 consecratum
1151 1830 1285 1903 eodem
1304 1829 1365 1902 die

175 1951 218 1996 ιιι.
242 1950 261 2000 1.
272 1929 365 2002 teria
382 1928 497 2002 tercia
518 1928 554 2000 in
573 1927 699 2025 vigilia
718 1929 947 2002 visitacionis
967 1933 1076 2004 beate
1094 1930 1210 2002 Marie
1231 1930 1276 2002 ad
1295 1930 1363 2001 ho·

272 2051 403 2103 norem
424 2033 524 2102 etad
543 2028 693 2102 laudem
708 2040 839 2102 sancte
860 2030 980 2102 crucis
997 2030 1190 2128 utriusque
1209 2029 1294 2102 testi
1309 2030 1364 2102 in·

271 2129 464 2203 vencionis
485 2140 522 2202 et
549 2129 791 2202 exaltaciouis
824 2131 929 2203 acin
956 2131 1140 2204 honorem
1167 2130 1286 2202 sancti
1304 2155 1363 2202 se-

271 2229 416 2326 pulchri
436 2240 486 2300 ·et
515 2229 744 2302 visitacionis
774 2240 904 2302 sancte
929 2229 1057 2302 Marte.
1142 2231 1235 2302 ltem
1261 2252 1358 2299 anno

271 2354 345 2401 uno
366 2339 452 2400 ante
472 2329 803 2400 consecracionem
822 2330 922 2400 idern
940 2329 1128 2426 hospitale
1146 2330 1214 2402 luit
1231 2337 1357 2400 nostro

269 2429 499 2500 monasterio
536 2429 793 2502 Mechoviensi
824 2431 952 2502 datum
981 2453 1049 2526 per
1076 2434 1262 2525 quendam
1289 2428 1361 2498 fra·v

268 2539 366 2600 trem
392 2528 615 2600 Michaelem
649 2532 694 2601 de
731 2529 860 2601 ordine
895 2530 1051 2601 fratrum
1083 2530 1382 2600 Predicatorunr·

268 2628 406 2701 uictum
426 2628 632 2725 vulgariter
649 2628 822 2724 l'restka,
842 2632 937 2725 quod
963 2629 1063 2701 idern
1089 2629 1205 2700 frater
1222 2628 1259 2700 in
1279 2652 1363 2725 pro-

267 2728 347 2825 prio
375 2728 612 2800 matrimonio
637 2729 859 2801 fundaverat
886 2740 924 2801 et
948 2732 992 2801 ad
1019 2730 1092 2800 hoc
1110 2732 1271 2801 domnus
1296 2750 1363 2799 rex

264 2830 454 2904 Litwanus
487 2853 717 2903 consensum
743 2829 910 2902 adhibuit
941 2839 979 2900 et
1009 2834 1102 2901 duos
1133 2829 1264 2901 laneos
1293 2831 1363 2900 sub

266 2932 445 3022 Scassym
467 2930 588 3003 eidem
605 2929 781 3024 hospitali
800 2928 1018 3025 assignavit.

176 3058 220 3103 ιι
235 3053 258 3103 a
343 3032 450 3099 Anno
467 3031 616 3104 Domini
649 3030 752 3102 1404.
780 3028 880 3100 idern
908 3032 1068 3102 domnus
1093 3027 1254 3100 Michael
1279 3051 1363 3123 pre-

268 3128 413 3228 positus
449 3130 633 3202 ordinavit
668 3131 767 3224 quod
803 3128 962 3201 ecclesia
999 3139 1036 3200 ct
1061 3127 1295 3239 cymiterium
1323 3126 1362 3197 in

267 3231 441 3304 Chodow·
442 3231 590 3304 fuerunt
605 3229 773 3302 dedicata
789 3253 857 3301 seu
877 3239 1096 3301 consecrata
1116 3228 1208 3300 fena
1223 3227 1285 3298 4
1276 3250 1359 3322 ipso

268 3329 327 3402 die
345 3329 574 3404 visitacionis
594 3334 703 3403 beate
721 3328 838 3402 blarie
857 3332 902 3402 ad
921 3329 1071 3401 laudern
1092 3326 1359 3441 omnipotentis

266 3428 335 3502 Dei
371 3439 408 3502 et
443 3430 672 3503 visitacionis
700 3439 830 3502 sancte
863 3428 999 3524 Maria,
1037 3427 1156 3502 sancti
1181 3425 1359 3502 Iohannis

266 3528 441 3627 baptiste,
486 3531 605 3604 sancti
640 3529 817 3603 Iohannis
860 3529 1104 3625 ewangeliste
1149 3539 1186 3600 et
1228 3535 1359 3600 sancte

265 3631 505 3724 Margarethe
537 3629 716 3741 virginis·
724 3653 768 3701 ac
800 3628 961 3701 martiris
988 3629 1166 3725 gloriosa
1197 3626 1359 3700 ecclesie

266 3730 435 3803 eiusdem
451 3731 573 3828 posita
589 3742 647 3803 est
661 3727 781 3828 prima
796 3729 979 3801 dominica
995 3740 1081 3800 ante
1097 3730 1234 3802 festum
1250 3731 1359 3800 beate

265 3830 490 3943 Margarete.
558 3832 652 3904 ltem
671 3828 843 3926 sequenti
862 3829 920 3900 die
941 3831 1073 3902 eodem
1094 3853 1191 3900 anno
1211 3827 1360 3898 illecho·

264 3930 325 4002 vie
361 3931 506 4028 capella
533 3934 664 4005 subtus
691 3933 849 4028 gradum
886 3919 924 4001 et
950 3934 1023 4002 duo
1052 3928 1181 4001 altaria
1209 3928 1361 3999 fuerunt

265 4029 433 4104 dedicata
449 4041 487 4103 et
505 4041 735 4104 consecrata.
789 4030 941 4126 Capella
961 4033 1092 4102 eadem
1115 4054 1198 4101 curn
1219 4051 1287 4100 suo
1307 4026 1360 4098 al·

265 4130 333 4204 tari
377 4130 545 4206 dedicata
586 4142 645 4205 est
686 4133 732 4203 ad
773 4132 955 4203 honorem
1000 4129 1120 4203 sancti
1163 4127 1358 4202 Michaelis
