3040 4856
275 346 322 420 er
527 340 741 416 aurnuns
770 336 1062 416 rououonun
1092 338 1117 413 1.

275 545 413 641 celum,
440 543 611 617 ascendit
637 543 750 616 simul
779 551 816 615 et
841 542 1001 615 crucifer
1029 542 1090 614 ille
1110 566 1194 613 cum
1216 563 1373 640 corpore

274 645 310 716 in
323 646 460 740 celum,
479 645 637 742 itaquod
652 654 740 742 post
758 643 970 716 discessum
989 643 1083 714 lucis
1103 643 1246 716 nullum
1259 643 1373 716 vesti·

275 747 398 842 gium‚
425 745 526 816 nulla
552 745 732 842 particula
758 743 817 817 vel
844 745 996 839 signum
1022 743 1216 834 inventum
1247 755 1306 816 est
1326 747 1372 816 de

273 846 346 918 illo.
381 846 654 942 videbaturque
671 844 874 917 Lithwanis
892 843 1099 916 astantibus
1121 855 1158 915 et
1181 843 1372 916 ascensio-

273 969 359 1017 nem
380 945 481 1017 illam
494 945 713 1017 mirantibus
732 947 829 1041 quod
850 944 954 1038 virgo
974 943 1226 1040 pulcherrima
1242 967 1371 1016 ascen-

274 1049 380 1117 deret
397 1047 433 1116 in
454 1047 587 1117 celum.
641 1045 713 1118 Sed
742 1045 828 1140 quia
856 1045 928 1115 hoc
955 1044 1097 1115 factum
1115 1044 1253 1142 pagani
1273 1043 1372 1116 affir-

274 1150 427 1219 mabant
446 1145 780 1240 incantacionibus7
810 1168 885 1216 non
905 1145 1031 1216 virtuti
1048 1144 1185 1238 divine5
1206 1144 1387 1217 ostendit¹

275 1247 329 1319 eis
349 1246 448 1318 aliud
463 1270 628 1342 sequens
645 1244 866 1316 miraculum
882 1247 978 1341 quod
999 1244 1035 1315 in
1056 1245 1157 1317 socio
1171 1245 1270 1316 itlius
1286 1269 1370 1316 sus-

272 1345 383 1444 pensi
409 1345 579 1418 cruciferi
609 1345 768 1442 experiri
793 1346 1001 1416 voluerunt.
1061 1346 1155 1418 Nam
1180 1345 1261 1417 viso
1285 1369 1369 1442 pre-

272 1447 370 1519 dicto
406 1445 587 1518 miraculo
631 1445 875 1542 superstitem
920 1444 1145 1516 cruciferum
1182 1445 1369 1542 dirumpto

270 1558 403 1619 trunco
433 1547 576 1620 arboris
606 1570 673 1643 per
700 1545 866 1616 medium
891 1544 1127 1618 incluserunt
1161 1545 1368 1643 circumpo-
1419 1561 1424 1572 ‘

272 1657 406 1718 nentes
426 1657 464 1718 et
482 1647 609 1742 ignem
626 1647 820 1743 copiosum
840 1656 881 1734 ut
894 1645 1001 1717 vivus
1017 1645 1106 1741 igne
1127 1669 1368 1718 consumere-

271 1758 343 1842 tur,
372 1750 436 1818 sed
457 1747 639 1818 Dominus
660 1747 817 1818 militem
837 1769 947 1817 suum
968 1770 1034 1843 pro
1061 1745 1135 1819 fide
1161 1757 1368 1820 certantem

270 1871 345 1918 non
366 1847 515 1944 reliquit
533 1847 614 1918 sine
635 1846 764 1919 celesti
792 1845 967 1943 presidio,
995 1871 1084 1918 uam
1104 1846 1225 1918 subito
1246 1848 1368 1919 celum

271 1948 339 2019 fuit
367 1971 482 2045 super
508 1947 632 2044 ipsum
662 1957 833 2044 apertum
863 1957 900 2017 et
929 1950 1090 2042 quedam
1119 1947 1199 2020 avis
1230 1973 1367 2044 magna

271 2048 368 2144 alba,
406 2047 524 2144 qualis
562 2071 754 2144 nunquam
782 2051 825 2118 ab
854 2046 976 2143 aliquo
1003 2047 1153 2119 vivente
1180 2047 1262 2139 visa
1286 2049 1367 2143 fuit,

271 2149 464 2220 descendit
491 2152 537 2219 de
564 2149 643 2221 celo
662 2148 698 2219 iu
717 2149 802 2219 luce
823 2172 961 2243 magna
982 2157 1019 2218 et
1035 2147 1193 2220 veniens
1214 2151 1258 2220 ad
1285 2173 1367 2245 pre-

272 2249 410 2320 dictum
433 2247 566 2345 eripuit
585 2253 630 2321 dc
647 2249 870 2344 medioigne
891 2247 1020 2320 ettulit
1038 2272 1168 2320 secum
1187 2248 1223 2318 in
1244 2249 1365 2319 cetum

272 2373 357 2420 cum
372 2373 543 2446 corpore⁷
571 2353 668 2441 quod
688 2349 859 2420 videntes
880 2348 1019 2445 pagani
1045 2348 1232 2420 dixerunt:
1282 2348 1366 2420 Vere

270 2473 425 2542 arrapnus
447 2455 501 2519 cst
525 2449 622 2521 Deus
646 2450 923 2520 christianorum
951 2451 1010 2542 qui
1035 2449 1124 2520 tulin
1143 2450 1231 2534 fucit
1254 2449 1365 2520 servir

269 2552 354 2620 suis,
457 2550 599 2621 Eodem
618 2573 716 2620 anno
737 2547 773 2619 in
792 2548 927 2643 Ytalia7
946 2549 983 2619 in
1002 2549 1127 2644 vigilia
1144 2548 1240 2622 beati
1251 2549 1365 2620 Marci

160 2663 258 2718 Aaou·
272 2647 515 2744 ewangeliste
536 2651 657 2721 factus
678 2660 736 2722 est
762 2660 821 2721 ter
841 2659 964 2720 motus
982 2658 1096 2744 terre,
1126 2673 1170 2720 ex
1191 2673 1263 2746 quo
1284 2653 1367 2721 sub-

268 2773 381 2822 verse
412 2761 499 2822 sunt
533 2761 682 2847 septem
717 2749 899 2821 civitates.
952 2750 991 2820 In
1020 2748 1209 2820 montibus
1239 2761 1365 2820 autem

270 2849 367 2922 circa
398 2851 605 2923 Bononiam
634 2849 766 2922 cecidit
791 2873 852 2922 ros
886 2849 1117 2945 sanguineus
1146 2847 1183 2919 in
1202 2851 1367 2921 maxima

270 2949 498 3046 quantitate,
549 2951 766 3046 presidente
798 2951 967 3022 Romane
1009 2950 1170 3022 ecclesie
1215 2949 1365 3022 domino

267 3050 419 3121 Nicolao
434 3075 531 3147 papa
550 3051 609 3144 lll7
625 3051 687 3152 qui
708 3053 913 3123 vocabatur
930 3049 1117 3123 lohannes
1134 3051 1365 3122 Gahetanus

266 3150 528 3224 Miserabiliter
563 3161 688 3223 autem
724 3162 823 3224 terra
853 3151 1043 3222 absorbuit
1068 3150 1252 3244 civitates7
1280 3151 1365 3246 quia

267 3254 546 3323 descenderunt
564 3251 600 3322 in
622 3254 800 3345 abyssum
820 3275 903 3322 cum
926 3253 1004 3322 suis
1026 3251 1307 3345 habitatoribus,
1328 3261 1365 3321 et

268 3353 488 3424 audiebatur
525 3377 596 3423 vox
637 3351 886 3424 clamancium
917 3375 985 3449 per
1017 3362 1175 3452 quatuor
1206 3351 1284 3422 dies
1318 3353 1363 3422 de

268 3456 425 3546 abysso:
462 3453 759 3546 Misericordiam,
794 3453 1092 3542 misericordium,
1122 3453 1229 3524 Deua.
1262 3453 1364 3539 Mon·

266 3562 325 3624 tes
370 3552 490 3624 eciam
519 3555 590 3624 duo
620 3563 878 3625 convenerunt
911 3552 947 3624 in
981 3577 1116 3645 unum3
1144 3553 1241 3622 inter
1269 3545 1364 3648 quius

266 3650 407 3725 fluebat
421 3651 572 3749 fluviuS,
588 3653 647 3750 qui
668 3654 716 3724 ita
734 3653 803 3724 fuit
820 3653 1018 3725 conclusus
1035 3652 1237 3746 montibus⁷
1265 3635 1366 3749 qudd

267 3754 410 3826 nullum
446 3764 613 3826 meatum
650 3755 794 3825 habens
827 3753 916 3824 fecit
943 3753 1067 3846 lacum
1094 3753 1192 3824 circa
1219 3777 1280 3850 se,
1317 3733 1383 3922 ada

267 3855 464 3950 sexaginta
500 3853 658 3926 miliaria
686 3863 723 3926 et
749 3853 929 3951 amplius,
974 3853 1099 3926 omnia
1126 3857 1362 3926 subvertens.

265 3954 396 4050 Aliqua
428 3955 546 4027 eciam
577 3965 700 4028 castra
729 3954 765 4026 in
786 3955 974 4028 montibus
1004 3955 1088 4051 sita7
1116 3953 1291 4050 aperiens
1319 3927 1406 4026 sed

265 4063 364 4125 terra
392 4079 460 4151 per
488 4066 629 4128 motum
659 4067 780 4149 terre,
815 4056 876 4153 qui
902 4055 1005 4128 stetit
1035 4055 1080 4129 15
1108 4057 1252 4148 diebus7
1280 4055 1362 4152 ipsa

267 4165 389 4226 castra
410 4179 493 4226 cum
515 4157 701 4230 montibus
722 4155 931 4250 absorbuit,
951 4155 1095 4252 aliquos
1116 4165 1265 4227 montes
1286 4179 1362 4226 ma·
