3060 4828
423 329 639 408 ANNALES
667 330 972 406 POLONORUM.
1193 333 1240 403 47
1296 343 1297 346 ’

48 591 50 596 .
144 531 373 608 celeberrima
407 533 618 606 bibliotheca
648 529 826 627 imperiali
858 530 1146 625 Petropolitana,
1181 530 1241 601 ubi

143 633 315 707 Arndtius
333 659 395 705 eos
413 658 531 704 accerse
551 633 696 704 Octobri
714 633 908 725 exscripsit.
945 631 1039 702 Sunt
1055 629 1239 702 aulcmhi:

219 733 263 830 3)
285 733 405 807 Codex
423 733 635 806 chartaceus
652 757 746 804 suec.
766 731 838 825 XV,
855 733 979 816 forma
1004 737 1151 822 octava,
1170 732 1241 823 sip-

47 833 50 836 ’
144 839 251 905 natus
269 839 299 903 λ.
321 833 365 920 Q.
384 841 470 903 ΟΤΔ.
490 833 546 904 IV.
565 833 607 904 N.
638 837 696 907 98.
734 833 896 905 Continet
921 855 944 901 a
961 856 996 925 p.
1019 834 1035 902 1
1057 828 1240 920 usquead

142 957 177 1027 p.
197 934 246 1007 96
265 933 465 1006 Chronicon
478 932 674 1023 Dzirswue,
693 930 858 1027 solusque
868 932 988 1025 estqui
998 952 1126 1001 nomen
1135 929 1240 1001 huius

144 1031 412 1129 chronopraphi
428 1033 611 1127 praebeat.
647 1032 678 1101 Α
693 1057 729 1125 p.
750 1031 810 1105 96‘
828 1053 938 1124 usque
957 1030 1008 1102 ad
1022 1055 1059 1122 p.
1081 1029 1152 1103 126
1169 1027 1240 1100 Aa·

144 1132 247 1204 noles
264 1132 439 1226 lepuntur‚
466 1155 555 1227 quos
580 1137 775 1224 sequuntur
796 1155 831 1223 p.
862 1131 930 1204 127
959 1137 994 1202 et
1022 1131 1092 1202 128
1123 1128 1239 1200 Notae

144 1230 383 1304 bublinenses.
424 1231 613 1325 Scriptura
641 1231 754 1303 nitida
789 1229 960 1325 claraque
992 1232 1147 1323 scriptus
1175 1234 1237 1320 est,

144 1333 327 1426 marpines
345 1333 381 1404 in
399 1333 576 1425 superiori
590 1337 697 1424 parte
715 1331 884 1423 temporis
901 1331 1032 1402 iniuria
1051 1329 1238 1400 detrimen·

145 1437 220 1503 tum
236 1433 337 1524 passi
353 1439 446 1524 sunt,
465 1434 517 1502 ita
535 1437 576 1502 ut
592 1431 701 1503 uerba
719 1429 899 1526 quaedam
918 1429 1033 1502 deleta
1046 1431 1127 1521 sint,
1145 1451 1240 1523 quae

145 1537 266 1601 tamen
280 1533 415 1624 partim
435 1533 641 1603 coniectura
657 1533 791 1624 partim
814 1529 969 1601 aliarum
989 1530 1159 1602 classium
1182 1551 1240 1600 co·

147 1630 262 1703 dicum
283 1653 350 1725 ope
366 1631 531 1725 supplere
545 1654 749 1724 possumus.

221 1729 289 1826 3a)
306 1730 426 1804 Codes
440 1731 594 1804 eiusdem
611 1729 843 1801 bibliothecae
856 1730 1020 1822 sipontus
1037 1733 1067 1800 h
1086 1727 1123 1799 F.
1149 1735 1237 1801 ΟΤΔ.

145 1828 201 1900 lv.
219 1830 261 1901 N.
284 1834 340 1924 19,
360 1831 575 1903 chartaceus
591 1853 684 1902 saec.
703 1829 775 1922 XV,
794 1831 829 1900 in
847 1829 922 1920 tol,
940 1827 1099 1900 similiter
1117 1828 1238 1900 Dzirs·

144 1953 222 2002 wac
248 1928 453 2023 chronicon,
479 1929 654 2022 Annales,
688 1929 900 2001 Vincentium
926 1935 959 2000 et
983 1927 1237 2022 Bopupbalum

146 2031 289 2124 eiusque
306 2032 590 2108 continuatorem
610 2030 904 2102 archidiaconum
924 2028 1161 2101 Gneznensem
1179 2051 1237 2099 eor·
1268 2037 1270 2042 '

7 2133 9 2138 ’
144 2128 246 2202 hibet.
277 2128 434 2206 Annales
451 2132 562 2202 variis
579 2130 744 2203 manibus
762 2131 1009 2220 corronium,
1026 2130 1146 2221 prima
1160 2152 1239 2200 ma·
1343 2129 1344 2134 ’

145 2252 214 2302 nus
230 2229 373 2322 scripsit
396 2253 506 2324 usque
533 2229 585 2300 ad
611 2254 645 2300 a.
669 2231 782 2324 1061,
809 2228 968 2301 secunda
994 2251 1105 2323 usque
1131 2226 1184 2298 ad
1200 2251 1235 2301 a.

150 2333 257 2423 1106,
275 2331 382 2402 tertia
402 2329 454 2402 ad
472 2355 505 2402 a.
529 2331 634 2404 1203.
653 2329 792 2402 Relatio
813 2330 855 2401 de
868 2328 1043 2402 Vincentio
1060 2327 1236 2400 Kadtub-

145 2428 236 2501 boae
254 2453 351 2502 anno
372 2430 469 2504 1208
488 2430 616 2504 addita
635 2437 768 2525 quarta
785 2453 895 2502 mauu
910 2434 1066 2502 enarata
1084 2435 1145 2500 est.
1173 2429 1236 2500 be·

145 2535 279 2623 quatur
297 2535 415 2601 autern
433 2529 631 2602 hiannales
648 2530 723 2614 foll.
745 2533 804 2603 27.
825 2532 883 2604 28.
895 2530 955 2604 29.

220 2628 243 2699 Ι
245 2627 279 2701 V.
298 2628 440 2722 4)1om
459 2653 556 2702 anno
578 2632 675 2704 1749
694 2632 748 2700 uir
765 2629 893 2701 beatae
911 2628 1105 2701 raemoriae
1123 2628 1235 2724 Lenp·

145 2725 226 2799 nich
245 2728 462 2802 Gedanensis
486 2731 552 2802 sub
579 2730 702 2802 titulo:
732 2728 950 2801 Vincentius
971 2726 1169 2809 ¹Kadlubko
1198 2739 1235 2800 et

11 2873 14 2878 -
144 2826 327 2901 Martinus
347 2829 476 2902 Gallus
509 2829 713 2928 scriptores
732 2828 912 2902 historiae
939 2828 1102 2902 Poloaae
1129 2837 1234 2900 vetu-

75 2984 80 2994 .
145 2926 304 3002 stissimi
323 2953 408 3002 cum
428 2932 572 3003 duobus
600 2931 796 3026 anonymis
825 2955 870 3003 ex
896 2953 967 3004 ms,
986 2928 1233 3002 bibliothecae

145 3027 371 3126 episcopalis
386 3029 690 3127 Heilsbcrgcnsis
711 3031 810 3128 editi,
830 3029 973 3103 Godani
996 3033 1101 3104 1749.
1113 3029 1235 3124 plures

144 3151 254 3222 quam
278 3131 428 3202 macinii
450 3133 557 3222 pretii
581 3134 698 3217 fontes
732 3132 783 3203 ad
813 3131 1001 3203 historiam
1025 3129 1233 3202 Potonicum

142 3235 343 3319 spectantes
360 3228 478 3301 edidit.
506 3231 626 3304 Codes
644 3234 703 3327 qui
717 3254 814 3304 anno
830 3233 925 3304 1824
944 3233 1020 3301 viro
1031 3229 1232 3300 clarissimo

143 3325 322 3408 Bandtlrie
336 3350 406 3420 pro
424 3351 520 3400 novo
528 3329 678 3401 Martini
686 3331 780 3402 Galli
796 3329 946 3402 editione
955 3329 1174 3400 instituenda
1184 3329 1235 3400 ad

143 3446 291 3496 manum
308 3427 441 3519 fuerat,
461 3431 614 3520 euanuit,
633 3452 697 3500 nec
714 3432 846 3501 nostris
870 3452 934 3500 nec
961 3428 1115 3500 oliorum
1141 3430 1233 3500 ciro·

142 3546 222 3596 rum
250 3525 437 3598 doctorum
462 3529 706 3600 communibus
730 3528 915 3600 laboribus
940 3528 1055 3622 detepi
1074 3534 1231 3622 poterat.

140 3623 250 3696 quat
282 3626 390 3719 ipitur
422 3627 695 3720 descriptionem
726 3629 821 3700 illius
849 3653 872 3700 a
896 3627 1076 3700 Bandtlsie
1106 3629 1231 3701 datum

140 3725 267 3796 iterum
281 3727 493 3819 proponere.
518 3728 579 3799 Sic
597 3732 686 3802 enim
706 3733 742 3802 ia
760 3730 934 3802 laudatae
953 3728 1116 3801 editionis
1131 3753 1167 3822 p.
1183 3727 1237 3800 XI

140 3822 291 3919 lepitur:
326 3827 472 3920 „Codes
484 3827 766 3924 Heilsberpeusis
788 3833 824 3902 in
846 3853 991 3928 papyro
1015 3830 1105 3901 sutis
1122 3828 1231 3900 nitide

139 3925 294 4018 scriptus
311 3925 432 4000 multis
449 3929 572 4002 uacuis
589 3933 715 4024 spatiis
741 3933 833 4002 inter
859 3931 981 4002 omnio
1007 3931 1084 4014 fere
1109 3930 1231 4022 capita

138 4021 280 4118 relictis,
299 4032 425 4098 ettam
445 4028 496 4100 ad
511 4029 713 4126 pinpeadas
725 4029 826 4102 baud
840 4029 944 4101 dubie
957 4028 1094 4101 litteras
1108 4051 1231 4100 eorum

137 4123 302 4220 initiales,
321 4150 429 4221 quam
445 4128 497 4202 ml
512 4129 656 4225 plossas
675 4131 729 4205 oel
742 4132 993 4204 adnotationes
1009 4115 1232 4202 adiiciendas
