3040 4856
203 293 205 298 ¹
286 343 334 414 os
536 340 753 414 Anninus
779 338 1073 416 ronononon
1100 337 1125 414 1.

283 544 389 614 brem
410 538 540 613 lletum
568 541 785 614 emiserunt.
840 539 1021 612 Concitati
1051 549 1090 612 et
1123 538 1279 612 accincti
1312 539 1381 616 Dei

284 641 465 713 adiutorio
499 652 536 714 et
564 639 787 713 confidentia
814 641 935 738 magis
961 665 1073 737 quam
1104 639 1237 712 virium
1263 651 1300 712 et
1321 664 1380 712 ar-

284 765 432 813 morum
463 740 857 836 rob01²e2confitentes
886 751 1055 838 peccata³
1089 743 1162 812 dux
1189 765 1274 812 cum
1301 743 1382 812 suis

284 841 497 936 baronibus,
531 852 756 939 sumptoque
777 864 933 939 corpore
953 840 1104 936 Christi,
1132 864 1198 913 eos
1227 840 1380 912 atrocis-

284 942 379 1014 sime
400 965 563 1038 seseque
579 952 708 1014 mutuo
729 944 971 1014 exhortantes
988 941 1146 1013 insecuti
1148 952 1262 1037 sunt,
1282 945 1380 1038 qnod

284 1042 498 1138 cognicient
499 1066 540 1113 es
561 1042 697 1140 pagani
716 1042 754 1112 in
774 1041 1010 1114 densissimis
1031 1041 1135 1114 silvis
1155 1065 1198 1115 se
1226 1065 1381 1137 recepe-

282 1153 378 1214 runt.
432 1142 636 1255 Christiani
668 1166 758 1214 vero
791 1142 961 1214 videntes
988 1141 1131 1239 qnod
1122 1151 1262 1213 intuto
1297 1142 1380 1213 loco

283 1252 426 1340 essent
454 1267 520 1314 eos
539 1243 716 1314 invadere
736 1243 940 1314 timuerunt
958 1253 994 1316 et
1014 1242 1133 1314 eciam
1160 1242 1230 1338 ipsi
1223 1241 1379 1340 plures

281 1297 442 1416 fuerunl.
483 1344 659 1414 Attamen
679 1343 778 1414 ‹lncti
798 1342 951 1416 consilio
972 1342 1123 1440 spiritus
1143 1341 1231 1415 almi
1250 1343 1380 1438 lugam

251 1447 253 1452 ’
282 1444 504 1516 simulantes
530 1467 553 1514 a
578 1443 741 1541 presidio
769 1466 1008 1556 pagarrorum
1030 1467 1163 1539 parum
1190 1442 1378 1514 discesse-

281 1555 368 1616 runt
370 1546 498 1640 quod
516 1543 688 1616 videntes
708 1542 879 1616 Christi
870 1542 1009 1615 mimici
1029 1566 1162 1615 omnes
1183 1541 1379 1614 exiverunt

283 1647 328 1716 de
348 1643 561 1742 presidio⁷
552 1668 588 1714 m
614 1667 687 1740 quo
712 1667 754 1716 se
774 1653 1009 1741 recepertan
1032 1642 1196 1756 captivis
1212 1666 1302 1715 vero
1322 1666 1379 1714 re·

280 1743 377 1816 lictis
399 1754 436 1816 et
466 1743 602 1839 legatis
621 1754 814 1840 tamquam
843 1768 934 1815 oves
960 1743 1159 1816 occisionis
1185 1743 1223 1814 in
1243 1746 1378 1815 eadem

282 1844 389 1938 silva,
409 1843 510 1916 acies
535 1853 621 1916 cont
623 1868 664 1915 ra
606 1846 817 1916 tducem
832 1842 1061 1916 Lestkonem
1083 1854 1120 1916 et
1105 1847 1299 1916 tbarones
1319 1867 1377 1914 or-

281 1945 524 2039 dinaverunt,
559 1943 620 2042 qui
646 1943 816 2017 videntes
854 1945 1040 2016 exercitus
1076 1943 1378 2038 christianorum,

281 2044 392 2141 aliqui
411 2044 546 2116 timore
566 2045 752 2141 perterriti
766 2054 1077 2117 retrocesserunt.
1109 2044 1190 2115 Dux
1205 2068 1294 2116 vero
1309 2043 1379 2115 Dei

280 2143 461 2218 adiutorio
482 2143 647 2217 confisus
666 2145 791 2216 taliter
808 2145 945 2218 affatur
963 2169 1053 2218 suos
1080 2145 1377 2216 commilitones:

280 2244 407 2316 Melius
432 2252 484 2318 est
500 2269 566 2318 nos
584 2247 678 2317 mori
689 2269 760 2340 pro
781 2245 908 2317 Christi
926 2249 1066 2317 nonrine
1084 2252 1117 2316 et
1134 2247 1284 2338 captivis
1301 2245 1376 2340 plo-

280 2347 387 2440 rime,
406 2369 514 2440 qoam
541 2344 659 2416 videre
684 2345 784 2417 molo
802 2347 915 2440 pontis
939 2353 1070 2418 nostre.
1122 2344 1202 2418 Hiis
1221 2343 1376 2442 prolatis

281 2445 488 2517 exercitum
524 2447 667 2517 duabus
701 2444 770 2516 alis
806 2443 1014 2542 cinxerunt,
1051 2444 1226 2518 videlicet
1257 2445 1376 2541 Sego-

279 2544 384 2617 thoni
408 2555 498 2616 tuno
521 2544 683 2641 palatino
706 2544 946 2618 Cracoviensi
964 2557 1001 2618 et
1023 2545 1194 2618 lanussio
1210 2545 1375 2644 palatino

279 2644 577 2718 Sandomiriensi
616 2645 861 2718 existentibus
901 2646 970 2718 has
1002 2646 1190 2742 predictas
1226 2670 1248 2717 a
1280 2649 1374 2718 duce

279 2745 359 2818 alas
390 2745 524 2817 tradite
553 2745 715 2840 luerunt,
743 2745 877 2843 quibus
903 2745 1169 2843 paganismum
1198 2747 1277 2818 Deo
1297 2744 1376 2842 opi·

277 2846 420 2918 tulante
442 2847 678 2918 vallaverunt
695 2856 732 2918 et
746 2846 974 2918 devicerunt.
1019 2847 1073 2918 De
1093 2846 1227 2919 occisis
1247 2856 1374 2918 autem

277 2946 437 3043 paganis
466 2945 503 3017 in
523 2946 605 3018 loco
630 2944 823 3018 conflictus
850 2946 952 3018 mille
981 2957 1180 3019 sexcentos
1207 2946 1266 3018 die
1295 2969 1376 3017 cra·

267 3047 376 3136 stina
403 3056 713 3142 conputaverunt‚
741 3056 869 3159 preter
893 3046 976 3119 illos
1004 3071 1098 3144 quos
1135 3071 1228 3144 sepe
1255 3043 1375 3117 nomi·

277 3155 366 3217 nate
391 3145 449 3216 ale
477 3145 675 3258 aspersim·
694 3145 730 3217 in
758 3145 861 3218 silvis
899 3158 936 3219 et
961 3146 1156 3244 paludibus
1185 3156 1376 3220 mactave-

278 3257 377 3342 runt
405 3245 561 3359 insuper
579 3246 746 3343 captivos
767 3251 863 3319 bene
883 3271 950 3320 sex
970 3247 1069 3318 milia
1087 3247 1352 3320 liberaverunt.

166 3355 267 3413 Auc24
357 3301 617 3420 l283.1ndie
646 3345 764 3419 sancti
793 3347 1048 3419 Bartholomei
1084 3346 1244 3445 apostoli
1273 3341 1374 3418 clau-

276 3455 395 3518 strum
415 3470 589 3519 sororum
616 3447 654 3518 in
673 3447 826 3520 Gnezna
855 3447 1106 3521 confirmatur.
1160 3448 1371 3545 Episcopus

276 3547 537 3621 Cracoviensis
566 3547 738 3621 dominns
764 3548 901 3626 Paulus
922 3573 943 3621 a
963 3552 1056 3620 duce
1081 3549 1268 3627 Lestcone
1289 3571 1373 3645 pre-

275 3647 372 3720 dicto
390 3646 427 3718 in
446 3647 585 3744 Lagow
604 3648 825 3745 captivatur,
851 3649 975 3745 ligatis
1001 3646 1174 3723 omnibns
1206 3652 1374 3744 artubuS,

276 3747 562 3843 Syradiensibus
575 3748 750 3822 militibus
765 3749 801 3820 in
818 3749 1133 3843 castrumSyradz
1153 3747 1372 3821 transmitti·

180 3859 336 3920 vero-tur
362 3848 637 3922 custodiendus.
696 3850 837 3922 Eodem
868 3874 966 3922 anno
994 3849 1120 3922 Nonas
1150 3846 1371 3922 Decembris

275 3948 365 4021 obiit
391 3949 563 4022 dominns
596 3950 770 4022 Albertus
808 3949 1009 4048 episcopus
1045 3947 1371 4024 Wladislaviensis

277 4048 451 4144 ecclesie,
472 4059 617 4122 amator
634 4052 818 4122 bonorum
838 4062 875 4123 et
894 4056 1104 4149 proborum.
1180 4051 1288 4121 Anno
1309 4071 1372 4120 eo·

275 4151 361 4221 dem
386 4149 475 4221 obiit
493 4149 742 4224 illustrissima
758 4152 909 4224 domina
928 4151 1088 4226 coniunx
1107 4148 1246 4222 domini
1266 4147 1370 4224 ducis
