<?xml version="1.0" encoding="UTF-8"?>
<!DOCTYPE html PUBLIC "-//W3C//DTD XHTML 1.0 Transitional//EN"
    "http://www.w3.org/TR/xhtml1/DTD/xhtml1-transitional.dtd">
<html xmlns="http://www.w3.org/1999/xhtml" xml:lang="en" lang="en">
 <head>
  <title>
</title>
<meta http-equiv="Content-Type" content="text/html;charset=utf-8" />
  <meta name='ocr-system' content='tesseract 3.04.00' />
  <meta name='ocr-capabilities' content='ocr_page ocr_carea ocr_par ocr_line ocrx_word'/>
</head>
<body>
  <div class='ocr_page' id='page_1' title='image "./annalespoloniae00roepgoog_0075.png"; bbox 0 0 3040 4856; ppageno 0'>
   <div class='ocr_carea' id='block_1_1' title="bbox 411 359 1254 443">
    <p class='ocr_par' dir='ltr' id='par_1_1' title="bbox 411 359 1254 443">
     <span class='ocr_line' id='line_1_1' title="bbox 411 359 1254 443; baseline -0.001 0"><span class='ocrx_word' id='word_1_1' title='bbox 411 363 626 443; x_wconf 78' lang='lat' dir='ltr'><strong>ANNALES</strong></span> <span class='ocrx_word' id='word_1_2' title='bbox 654 359 950 441; x_wconf 76' lang='lat' dir='ltr'>Ponouoruu</span> <span class='ocrx_word' id='word_1_3' title='bbox 976 365 1007 438; x_wconf 56' lang='lat' dir='ltr'>lo</span> <span class='ocrx_word' id='word_1_4' title='bbox 1204 369 1254 442; x_wconf 81' lang='lat'>59</span> 
     </span>
    </p>
   </div>
   <div class='ocr_carea' id='block_1_2' title="bbox 25 565 1388 4077">
    <p class='ocr_par' dir='ltr' id='par_1_2' title="bbox 159 565 1363 1244">
     <span class='ocr_line' id='line_1_2' title="bbox 161 565 1254 665; baseline -0.004 -23"><span class='ocrx_word' id='word_1_5' title='bbox 161 567 474 665; x_wconf 82' lang='lat' dir='ltr'><strong>archiepiscopus</strong></span> <span class='ocrx_word' id='word_1_6' title='bbox 518 567 617 641; x_wconf 89' lang='lat' dir='ltr'>obiit.</span> <span class='ocrx_word' id='word_1_7' title='bbox 751 568 892 639; x_wconf 88' lang='lat' dir='ltr'>Eodem</span> <span class='ocrx_word' id='word_1_8' title='bbox 930 591 1028 638; x_wconf 91' lang='lat' dir='ltr'>anno</span> <span class='ocrx_word' id='word_1_9' title='bbox 1074 565 1254 664; x_wconf 88' lang='lat' dir='ltr'>Griphina</span> 
     </span>
     <span class='ocr_line' id='line_1_3' title="bbox 160 667 1254 764; baseline -0.002 -22"><span class='ocrx_word' id='word_1_10' title='bbox 160 693 253 742; x_wconf 89' lang='lat' dir='ltr'>uxor</span> <span class='ocrx_word' id='word_1_11' title='bbox 285 669 389 740; x_wconf 87' lang='lat' dir='ltr'>ducis</span> <span class='ocrx_word' id='word_1_12' title='bbox 420 668 617 741; x_wconf 90' lang='lat' dir='ltr'>Lestconis</span> <span class='ocrx_word' id='word_1_13' title='bbox 649 667 886 762; x_wconf 88' lang='lat' dir='ltr'>Syradiensis</span> <span class='ocrx_word' id='word_1_14' title='bbox 918 667 1093 764; x_wconf 82' lang='lat' dir='ltr'>deposuit</span> <span class='ocrx_word' id='word_1_15' title='bbox 1129 671 1173 740; x_wconf 89' lang='lat' dir='ltr'>de</span> <span class='ocrx_word' id='word_1_16' title='bbox 1212 691 1254 740; x_wconf 88' lang='lat' dir='ltr'>se</span> 
     </span>
     <span class='ocr_line' id='line_1_4' title="bbox 159 767 1254 868; baseline -0.005 -26"><span class='ocrx_word' id='word_1_17' title='bbox 159 770 312 868; x_wconf 82' lang='lat' dir='ltr'>peplum</span> <span class='ocrx_word' id='word_1_18' title='bbox 335 769 494 866; x_wconf 70' lang='lat' dir='ltr'>publice,</span> <span class='ocrx_word' id='word_1_19' title='bbox 522 792 566 841; x_wconf 93' lang='lat' dir='ltr'>eo</span> <span class='ocrx_word' id='word_1_20' title='bbox 586 771 684 867; x_wconf 91' lang='lat' dir='ltr'>quod</span> <span class='ocrx_word' id='word_1_21' title='bbox 703 767 793 840; x_wconf 83' lang='lat' dir='ltr'>dixit</span> <span class='ocrx_word' id='word_1_22' title='bbox 819 792 860 840; x_wconf 91' lang='lat' dir='ltr'>se</span> <span class='ocrx_word' id='word_1_23' title='bbox 882 792 968 840; x_wconf 88' lang='lat' dir='ltr'>esse</span> <span class='ocrx_word' id='word_1_24' title='bbox 990 768 1174 864; x_wconf 84' lang='lat' dir='ltr'>virginem</span> <span class='ocrx_word' id='word_1_25' title='bbox 1201 767 1254 837; x_wconf 91' lang='lat' dir='ltr'>in·</span> 
     </span>
     <span class='ocr_line' id='line_1_5' title="bbox 160 869 1255 968; baseline -0.002 -26"><span class='ocrx_word' id='word_1_26' title='bbox 160 880 395 968; x_wconf 63' lang='lat' dir='ltr'>corruptam3</span> <span class='ocrx_word' id='word_1_27' title='bbox 422 891 492 940; x_wconf 90' lang='lat' dir='ltr'>nec</span> <span class='ocrx_word' id='word_1_28' title='bbox 519 873 565 942; x_wconf 87' lang='lat' dir='ltr'>ab</span> <span class='ocrx_word' id='word_1_29' title='bbox 593 893 638 941; x_wconf 94' lang='lat' dir='ltr'>eo</span> <span class='ocrx_word' id='word_1_30' title='bbox 666 877 815 966; x_wconf 88' lang='lat' dir='ltr'>poterat</span> <span class='ocrx_word' id='word_1_31' title='bbox 834 869 1011 964; x_wconf 83' lang='lat' dir='ltr'>cognosci</span> <span class='ocrx_word' id='word_1_32' title='bbox 1031 878 1185 964; x_wconf 90' lang='lat' dir='ltr'>propter</span> <span class='ocrx_word' id='word_1_33' title='bbox 1201 869 1255 940; x_wconf 91' lang='lat' dir='ltr'>in·</span> 
     </span>
     <span class='ocr_line' id='line_1_6' title="bbox 159 969 791 1069; baseline -0.008 -27"><span class='ocrx_word' id='word_1_34' title='bbox 159 970 379 1069; x_wconf 71' lang='lat' dir='ltr'>potenciam¹</span> <span class='ocrx_word' id='word_1_35' title='bbox 393 969 571 1065; x_wconf 83' lang='lat' dir='ltr'>ipsiusut</span> <span class='ocrx_word' id='word_1_36' title='bbox 589 969 791 1042; x_wconf 82' lang='lat' dir='ltr'>dicebatur.</span> 
     </span>
     <span class='ocr_line' id='line_1_7' title="bbox 238 1063 1356 1183; baseline -0.004 -39"><span class='ocrx_word' id='word_1_37' title='bbox 238 1072 344 1146; x_wconf 79' lang='lat'><strong>1272.</strong></span> <span class='ocrx_word' id='word_1_38' title='bbox 370 1071 444 1142; x_wconf 88' lang='lat' dir='ltr'>dux</span> <span class='ocrx_word' id='word_1_39' title='bbox 468 1069 620 1142; x_wconf 90' lang='lat' dir='ltr'>maioris</span> <span class='ocrx_word' id='word_1_40' title='bbox 641 1068 794 1141; x_wconf 80' lang='lat' dir='ltr'>Poionie</span> <span class='ocrx_word' id='word_1_41' title='bbox 813 1067 1009 1140; x_wconf 83' lang='lat' dir='ltr'>Bolenlaus</span> <span class='ocrx_word' id='word_1_42' title='bbox 1030 1066 1127 1141; x_wconf 88' lang='lat' dir='ltr'>obiit.</span> <span class='ocrx_word' id='word_1_43' title='bbox 1266 1063 1356 1183; x_wconf 49' lang='lat'>{²⁷⁹3</span> 
     </span>
     <span class='ocr_line' id='line_1_8' title="bbox 237 1151 1363 1244; baseline -0.002 -3"><span class='ocrx_word' id='word_1_44' title='bbox 237 1172 343 1244; x_wconf 78' lang='lat'>1273.</span> <span class='ocrx_word' id='word_1_45' title='bbox 371 1172 443 1242; x_wconf 92' lang='lat' dir='ltr'>dux</span> <span class='ocrx_word' id='word_1_46' title='bbox 470 1169 667 1242; x_wconf 89' lang='lat' dir='ltr'>Boleslaus</span> <span class='ocrx_word' id='word_1_47' title='bbox 687 1167 948 1243; x_wconf 89' lang='lat' dir='ltr'>Cracoviensis</span> <span class='ocrx_word' id='word_1_48' title='bbox 969 1167 1144 1241; x_wconf 91' lang='lat' dir='ltr'>convenit</span> <span class='ocrx_word' id='word_1_49' title='bbox 1171 1191 1255 1240; x_wconf 90' lang='lat' dir='ltr'>cum</span> <span class='ocrx_word' id='word_1_50' title='bbox 1287 1151 1320 1193; x_wconf 50' lang='grc' dir='ltr'>ω’</span> <span class='ocrx_word' id='word_1_51' title='bbox 1357 1171 1363 1182; x_wconf 85' lang='grc'><strong>’</strong></span> 
     </span>
    </p>

    <p class='ocr_par' dir='ltr' id='par_1_3' title="bbox 158 1267 1388 3872">
     <span class='ocr_line' id='line_1_9' title="bbox 161 1267 1256 1366; baseline -0.004 -25"><span class='ocrx_word' id='word_1_52' title='bbox 161 1269 344 1342; x_wconf 83' lang='lat' dir='ltr'>Primizlio</span> <span class='ocrx_word' id='word_1_53' title='bbox 365 1293 455 1366; x_wconf 83' lang='lat' dir='ltr'>rege</span> <span class='ocrx_word' id='word_1_54' title='bbox 474 1269 655 1351; x_wconf 88' lang='lat' dir='ltr'>Bohemie</span> <span class='ocrx_word' id='word_1_55' title='bbox 675 1269 711 1340; x_wconf 93' lang='lat' dir='ltr'>in</span> <span class='ocrx_word' id='word_1_56' title='bbox 732 1268 889 1365; x_wconf 73' lang='lat' dir='ltr'>Opavia‚</span> <span class='ocrx_word' id='word_1_57' title='bbox 914 1279 950 1340; x_wconf 93' lang='lat' dir='ltr'>et</span> <span class='ocrx_word' id='word_1_58' title='bbox 964 1267 1116 1342; x_wconf 85' lang='lat' dir='ltr'>firmant</span> <span class='ocrx_word' id='word_1_59' title='bbox 1130 1267 1256 1340; x_wconf 90' lang='lat' dir='ltr'>amici·</span> 
     </span>
     <span class='ocr_line' id='line_1_10' title="bbox 162 1367 1256 1467; baseline -0.004 -25"><span class='ocrx_word' id='word_1_60' title='bbox 162 1371 258 1442; x_wconf 89' lang='lat' dir='ltr'>ciam</span> <span class='ocrx_word' id='word_1_61' title='bbox 274 1381 509 1467; x_wconf 85' lang='lat' dir='ltr'>perpetuam.</span> <span class='ocrx_word' id='word_1_62' title='bbox 573 1373 715 1444; x_wconf 88' lang='lat' dir='ltr'>Eodem</span> <span class='ocrx_word' id='word_1_63' title='bbox 741 1393 838 1441; x_wconf 94' lang='lat' dir='ltr'>anno</span> <span class='ocrx_word' id='word_1_64' title='bbox 857 1369 1036 1442; x_wconf 86' lang='lat' dir='ltr'>Lithwani</span> <span class='ocrx_word' id='word_1_65' title='bbox 1064 1367 1256 1442; x_wconf 90' lang='lat' dir='ltr'>miserabi-</span> 
     </span>
     <span class='ocr_line' id='line_1_11' title="bbox 160 1468 1254 1566; baseline -0.004 -22"><span class='ocrx_word' id='word_1_66' title='bbox 160 1471 246 1544; x_wconf 86' lang='lat' dir='ltr'>liter</span> <span class='ocrx_word' id='word_1_67' title='bbox 281 1474 577 1543; x_wconf 87' lang='lat' dir='ltr'>devastaverunt</span> <span class='ocrx_word' id='word_1_68' title='bbox 608 1481 750 1542; x_wconf 85' lang='lat' dir='ltr'>terram</span> <span class='ocrx_word' id='word_1_69' title='bbox 784 1468 1063 1542; x_wconf 86' lang='lat' dir='ltr'>Lublinensem.</span> <span class='ocrx_word' id='word_1_70' title='bbox 1168 1470 1254 1566; x_wconf 89' lang='lat' dir='ltr'>lpso</span> 
     </span>
     <span class='ocr_line' id='line_1_12' title="bbox 161 1569 1255 1668; baseline -0.002 -25"><span class='ocrx_word' id='word_1_71' title='bbox 161 1595 260 1644; x_wconf 86' lang='lat' dir='ltr'>anno</span> <span class='ocrx_word' id='word_1_72' title='bbox 280 1571 430 1668; x_wconf 91' lang='lat' dir='ltr'>quidam</span> <span class='ocrx_word' id='word_1_73' title='bbox 456 1571 594 1644; x_wconf 82' lang='lat' dir='ltr'>milites</span> <span class='ocrx_word' id='word_1_74' title='bbox 620 1569 893 1642; x_wconf 88' lang='lat' dir='ltr'>Cracovienses</span> <span class='ocrx_word' id='word_1_75' title='bbox 921 1581 1186 1666; x_wconf 79' lang='lat' dir='ltr'>processerant</span> <span class='ocrx_word' id='word_1_76' title='bbox 1209 1573 1255 1641; x_wconf 89' lang='lat' dir='ltr'>ad</span> 
     </span>
     <span class='ocr_line' id='line_1_13' title="bbox 161 1669 1255 1769; baseline 0 -27"><span class='ocrx_word' id='word_1_77' title='bbox 161 1674 297 1744; x_wconf 90' lang='lat' dir='ltr'>ducem</span> <span class='ocrx_word' id='word_1_78' title='bbox 321 1672 565 1769; x_wconf 91' lang='lat' dir='ltr'>Opoliensem</span> <span class='ocrx_word' id='word_1_79' title='bbox 589 1669 834 1745; x_wconf 87' lang='lat' dir='ltr'>Wladizlanm</span> <span class='ocrx_word' id='word_1_80' title='bbox 861 1695 945 1742; x_wconf 91' lang='lat' dir='ltr'>cnm</span> <span class='ocrx_word' id='word_1_81' title='bbox 978 1681 1054 1742; x_wconf 80' lang='lat' dir='ltr'>tota</span> <span class='ocrx_word' id='word_1_82' title='bbox 1084 1670 1255 1768; x_wconf 86' lang='lat' dir='ltr'>potencia</span> 
     </span>
     <span class='ocr_line' id='line_1_14' title="bbox 161 1770 1344 1869; baseline -0.003 -24"><span class='ocrx_word' id='word_1_83' title='bbox 161 1797 231 1846; x_wconf 90' lang='lat' dir='ltr'>sua</span> <span class='ocrx_word' id='word_1_84' title='bbox 251 1775 296 1844; x_wconf 91' lang='lat' dir='ltr'>de</span> <span class='ocrx_word' id='word_1_85' title='bbox 322 1772 476 1844; x_wconf 87' lang='lat' dir='ltr'>consilio</span> <span class='ocrx_word' id='word_1_86' title='bbox 494 1771 660 1869; x_wconf 86' lang='lat' dir='ltr'>episcopi</span> <span class='ocrx_word' id='word_1_87' title='bbox 684 1770 785 1844; x_wconf 86' lang='lat' dir='ltr'>Pauli</span> <span class='ocrx_word' id='word_1_88' title='bbox 803 1770 994 1845; x_wconf 88' lang='lat' dir='ltr'>Cracovie.</span> <span class='ocrx_word' id='word_1_89' title='bbox 1037 1771 1111 1844; x_wconf 88' lang='lat' dir='ltr'>Sed</span> <span class='ocrx_word' id='word_1_90' title='bbox 1126 1771 1256 1844; x_wconf 85' lang='lat' dir='ltr'>Bolez·</span> <span class='ocrx_word' id='word_1_91' title='bbox 1342 1791 1344 1795; x_wconf 78' lang='grc'>’</span> 
     </span>
     <span class='ocr_line' id='line_1_15' title="bbox 158 1871 1255 1968; baseline -0.001 -23"><span class='ocrx_word' id='word_1_92' title='bbox 158 1874 244 1946; x_wconf 86' lang='lat' dir='ltr'>laus</span> <span class='ocrx_word' id='word_1_93' title='bbox 256 1871 372 1945; x_wconf 86' lang='lat' dir='ltr'>misso</span> <span class='ocrx_word' id='word_1_94' title='bbox 386 1871 551 1946; x_wconf 89' lang='lat' dir='ltr'>exercitu</span> <span class='ocrx_word' id='word_1_95' title='bbox 566 1871 851 1968; x_wconf 87' lang='lat' dir='ltr'>comprehendit</span> <span class='ocrx_word' id='word_1_96' title='bbox 866 1894 932 1943; x_wconf 91' lang='lat' dir='ltr'>eos</span> <span class='ocrx_word' id='word_1_97' title='bbox 951 1871 987 1942; x_wconf 91' lang='lat' dir='ltr'>in</span> <span class='ocrx_word' id='word_1_98' title='bbox 1008 1895 1141 1968; x_wconf 85' lang='lat' dir='ltr'>campo</span> <span class='ocrx_word' id='word_1_99' title='bbox 1157 1871 1255 1944; x_wconf 88' lang='lat' dir='ltr'>circa</span> 
     </span>
     <span class='ocr_line' id='line_1_16' title="bbox 160 1971 1256 2070; baseline -0.002 -24"><span class='ocrx_word' id='word_1_100' title='bbox 160 1973 371 2069; x_wconf 71' lang='lat' dir='ltr'>Boguczin⁷</span> <span class='ocrx_word' id='word_1_101' title='bbox 397 1984 434 2046; x_wconf 83' lang='lat' dir='ltr'>et</span> <span class='ocrx_word' id='word_1_102' title='bbox 455 1973 659 2046; x_wconf 89' lang='lat' dir='ltr'>commisso</span> <span class='ocrx_word' id='word_1_103' title='bbox 675 1971 794 2070; x_wconf 91' lang='lat' dir='ltr'>prelio</span> <span class='ocrx_word' id='word_1_104' title='bbox 814 1972 898 2044; x_wconf 84' lang='lat' dir='ltr'>forti</span> <span class='ocrx_word' id='word_1_105' title='bbox 921 1972 1135 2044; x_wconf 90' lang='lat' dir='ltr'>ceciderunt</span> <span class='ocrx_word' id='word_1_106' title='bbox 1150 1972 1256 2044; x_wconf 83' lang='lat' dir='ltr'>multi</span> 
     </span>
     <span class='ocr_line' id='line_1_17' title="bbox 162 2071 1383 2170; baseline 0.002 -26"><span class='ocrx_word' id='word_1_107' title='bbox 162 2097 208 2144; x_wconf 94' lang='lat' dir='ltr'>ex</span> <span class='ocrx_word' id='word_1_108' title='bbox 223 2083 380 2170; x_wconf 86' lang='lat' dir='ltr'>utraque</span> <span class='ocrx_word' id='word_1_109' title='bbox 401 2083 506 2170; x_wconf 85' lang='lat' dir='ltr'>parte</span> <span class='ocrx_word' id='word_1_110' title='bbox 522 2097 634 2170; x_wconf 89' lang='lat' dir='ltr'>quam</span> <span class='ocrx_word' id='word_1_111' title='bbox 650 2073 790 2170; x_wconf 87' lang='lat' dir='ltr'>plures.</span> <span class='ocrx_word' id='word_1_112' title='bbox 866 2073 959 2144; x_wconf 89' lang='lat' dir='ltr'>Item</span> <span class='ocrx_word' id='word_1_113' title='bbox 980 2071 1084 2144; x_wconf 90' lang='lat' dir='ltr'>venit</span> <span class='ocrx_word' id='word_1_114' title='bbox 1110 2096 1183 2143; x_wconf 92' lang='lat' dir='ltr'>vox</span> <span class='ocrx_word' id='word_1_115' title='bbox 1210 2075 1256 2146; x_wconf 91' lang='lat' dir='ltr'>ad</span> <span class='ocrx_word' id='word_1_116' title='bbox 1381 2093 1383 2098; x_wconf 84' lang='grc'><strong><em>·</em></strong></span> 
     </span>
     <span class='ocr_line' id='line_1_18' title="bbox 162 2171 1255 2272; baseline -0.004 -24"><span class='ocrx_word' id='word_1_117' title='bbox 162 2173 317 2248; x_wconf 89' lang='lat' dir='ltr'>Paulum</span> <span class='ocrx_word' id='word_1_118' title='bbox 356 2173 577 2272; x_wconf 91' lang='lat' dir='ltr'>episcopum</span> <span class='ocrx_word' id='word_1_119' title='bbox 610 2173 903 2247; x_wconf 55' lang='lat' dir='ltr'>Crocodiensem</span> <span class='ocrx_word' id='word_1_120' title='bbox 932 2171 1078 2244; x_wconf 89' lang='lat' dir='ltr'>dicens:</span> <span class='ocrx_word' id='word_1_121' title='bbox 1111 2173 1155 2244; x_wconf 86' lang='lat' dir='ltr'>Ve</span> <span class='ocrx_word' id='word_1_122' title='bbox 1182 2174 1255 2266; x_wconf 73' lang='lat' dir='ltr'>riti,</span> 
     </span>
     <span class='ocr_line' id='line_1_19' title="bbox 161 2274 1256 2370; baseline 0 -24"><span class='ocrx_word' id='word_1_123' title='bbox 161 2277 321 2370; x_wconf 80' lang='lat' dir='ltr'>episcope</span> <span class='ocrx_word' id='word_1_124' title='bbox 338 2275 462 2370; x_wconf 79' lang='lat' dir='ltr'>Paule,</span> <span class='ocrx_word' id='word_1_125' title='bbox 481 2276 603 2348; x_wconf 82' lang='lat' dir='ltr'>melius</span> <span class='ocrx_word' id='word_1_126' title='bbox 621 2277 683 2346; x_wconf 78' lang='lat' dir='ltr'>not</span> <span class='ocrx_word' id='word_1_127' title='bbox 699 2276 835 2365; x_wconf 78' lang='lat' dir='ltr'>fuisset,</span> <span class='ocrx_word' id='word_1_128' title='bbox 854 2277 886 2344; x_wconf 78' lang='lat' dir='ltr'>si</span> <span class='ocrx_word' id='word_1_129' title='bbox 902 2280 1009 2344; x_wconf 83' lang='lat' dir='ltr'>notus</span> <span class='ocrx_word' id='word_1_130' title='bbox 1028 2297 1099 2344; x_wconf 86' lang='lat' dir='ltr'>non</span> <span class='ocrx_word' id='word_1_131' title='bbox 1116 2274 1256 2358; x_wconf 77' lang='lat' dir='ltr'>fuisses.</span> 
     </span>
     <span class='ocr_line' id='line_1_20' title="bbox 160 2373 1259 2470; baseline -0.004 -22"><span class='ocrx_word' id='word_1_132' title='bbox 160 2377 267 2448; x_wconf 93' lang='lat' dir='ltr'>Hanc</span> <span class='ocrx_word' id='word_1_133' title='bbox 285 2399 419 2448; x_wconf 93' lang='lat' dir='ltr'>vocem</span> <span class='ocrx_word' id='word_1_134' title='bbox 451 2375 649 2448; x_wconf 90' lang='lat' dir='ltr'>audierunt</span> <span class='ocrx_word' id='word_1_135' title='bbox 679 2379 775 2448; x_wconf 90' lang='lat' dir='ltr'>bene</span> <span class='ocrx_word' id='word_1_136' title='bbox 807 2378 856 2447; x_wconf 81' lang='lat'>70</span> <span class='ocrx_word' id='word_1_137' title='bbox 882 2373 960 2446; x_wconf 88' lang='lat' dir='ltr'>viri.</span> <span class='ocrx_word' id='word_1_138' title='bbox 1005 2373 1259 2470; x_wconf 88' lang='lat' dir='ltr'>lnponebatur</span> 
     </span>
     <span class='ocr_line' id='line_1_21' title="bbox 163 2474 1257 2572; baseline -0.002 -24"><span class='ocrx_word' id='word_1_139' title='bbox 163 2476 263 2548; x_wconf 90' lang='lat' dir='ltr'>enim</span> <span class='ocrx_word' id='word_1_140' title='bbox 279 2475 415 2570; x_wconf 72' lang='lat' dir='ltr'>eidem,</span> <span class='ocrx_word' id='word_1_141' title='bbox 434 2478 532 2572; x_wconf 89' lang='lat' dir='ltr'>quod</span> <span class='ocrx_word' id='word_1_142' title='bbox 551 2475 635 2572; x_wconf 92' lang='lat' dir='ltr'>ipso</span> <span class='ocrx_word' id='word_1_143' title='bbox 654 2485 876 2572; x_wconf 81' lang='lat' dir='ltr'>procurante</span> <span class='ocrx_word' id='word_1_144' title='bbox 895 2474 1031 2546; x_wconf 84' lang='lat' dir='ltr'>fuisset</span> <span class='ocrx_word' id='word_1_145' title='bbox 1050 2476 1146 2546; x_wconf 86' lang='lat' dir='ltr'>facta</span> <span class='ocrx_word' id='word_1_146' title='bbox 1163 2485 1257 2546; x_wconf 88' lang='lat' dir='ltr'>stra·</span> 
     </span>
     <span class='ocr_line' id='line_1_22' title="bbox 163 2574 1257 2672; baseline 0.002 -26"><span class='ocrx_word' id='word_1_147' title='bbox 163 2599 233 2671; x_wconf 83' lang='lat' dir='ltr'>ges</span> <span class='ocrx_word' id='word_1_148' title='bbox 246 2574 461 2671; x_wconf 87' lang='lat' dir='ltr'>supradicta</span> <span class='ocrx_word' id='word_1_149' title='bbox 476 2575 514 2645; x_wconf 95' lang='lat' dir='ltr'>in</span> <span class='ocrx_word' id='word_1_150' title='bbox 527 2574 670 2646; x_wconf 87' lang='lat' dir='ltr'>Lublin.</span> <span class='ocrx_word' id='word_1_151' title='bbox 703 2575 869 2646; x_wconf 85' lang='lat' dir='ltr'>Tandem</span> <span class='ocrx_word' id='word_1_152' title='bbox 888 2585 972 2670; x_wconf 83' lang='lat' dir='ltr'>post</span> <span class='ocrx_word' id='word_1_153' title='bbox 987 2575 1257 2672; x_wconf 88' lang='lat' dir='ltr'>aliquantulum</span> 
     </span>
     <span class='ocr_line' id='line_1_23' title="bbox 163 2669 1388 2773; baseline 0.003 -25"><span class='ocrx_word' id='word_1_154' title='bbox 163 2685 315 2773; x_wconf 87' lang='lat' dir='ltr'>tempus</span> <span class='ocrx_word' id='word_1_155' title='bbox 341 2674 444 2746; x_wconf 85' lang='lat' dir='ltr'>venit</span> <span class='ocrx_word' id='word_1_156' title='bbox 461 2698 532 2747; x_wconf 91' lang='lat' dir='ltr'>vox</span> <span class='ocrx_word' id='word_1_157' title='bbox 551 2673 680 2748; x_wconf 86' lang='lat' dir='ltr'>dicens</span> <span class='ocrx_word' id='word_1_158' title='bbox 701 2675 752 2746; x_wconf 90' lang='lat' dir='ltr'>ei:</span> <span class='ocrx_word' id='word_1_159' title='bbox 778 2675 859 2746; x_wconf 84' lang='lat' dir='ltr'>Non</span> <span class='ocrx_word' id='word_1_160' title='bbox 883 2669 1169 2768; x_wconf 38' lang='lat' dir='ltr'>tirueospPoule,</span> <span class='ocrx_word' id='word_1_161' title='bbox 1196 2679 1258 2760; x_wconf 83' lang='lat' dir='ltr'>foc</span> <span class='ocrx_word' id='word_1_162' title='bbox 1385 2746 1388 2752; x_wconf 89' lang='lat'>.</span> 
     </span>
     <span class='ocr_line' id='line_1_24' title="bbox 164 2775 1256 2873; baseline 0.001 -26"><span class='ocrx_word' id='word_1_163' title='bbox 164 2776 331 2873; x_wconf 79' lang='lat' dir='ltr'>quicquid</span> <span class='ocrx_word' id='word_1_164' title='bbox 349 2775 519 2870; x_wconf 80' lang='lat' dir='ltr'>volueris,</span> <span class='ocrx_word' id='word_1_165' title='bbox 546 2778 630 2871; x_wconf 83' lang='lat' dir='ltr'>quin</span> <span class='ocrx_word' id='word_1_166' title='bbox 649 2798 714 2870; x_wconf 75' lang='lat' dir='ltr'>epo</span> <span class='ocrx_word' id='word_1_167' title='bbox 734 2782 848 2846; x_wconf 84' lang='lat' dir='ltr'>tecum</span> <span class='ocrx_word' id='word_1_168' title='bbox 867 2799 956 2848; x_wconf 74' lang='lat' dir='ltr'>sanz.</span> <span class='ocrx_word' id='word_1_169' title='bbox 1000 2777 1105 2846; x_wconf 90' lang='lat' dir='ltr'>Hanc</span> <span class='ocrx_word' id='word_1_170' title='bbox 1125 2799 1256 2848; x_wconf 84' lang='lat' dir='ltr'>vocem</span> 
     </span>
     <span class='ocr_line' id='line_1_25' title="bbox 164 2875 1256 2973; baseline -0.001 -24"><span class='ocrx_word' id='word_1_171' title='bbox 164 2876 363 2949; x_wconf 86' lang='lat' dir='ltr'>audierunt</span> <span class='ocrx_word' id='word_1_172' title='bbox 397 2875 502 2948; x_wconf 82' lang='lat' dir='ltr'>multi</span> <span class='ocrx_word' id='word_1_173' title='bbox 539 2877 674 2948; x_wconf 84' lang='lat' dir='ltr'>fratres</span> <span class='ocrx_word' id='word_1_174' title='bbox 711 2875 1002 2970; x_wconf 54' lang='lat' dir='ltr'>medicatorum,</span> <span class='ocrx_word' id='word_1_175' title='bbox 1034 2877 1070 2947; x_wconf 93' lang='lat' dir='ltr'>in</span> <span class='ocrx_word' id='word_1_176' title='bbox 1099 2901 1256 2973; x_wconf 89' lang='lat' dir='ltr'>quorum</span> 
     </span>
     <span class='ocr_line' id='line_1_26' title="bbox 164 2975 1259 3074; baseline -0.001 -24"><span class='ocrx_word' id='word_1_177' title='bbox 164 2981 276 3050; x_wconf 94' lang='lat' dir='ltr'>domo</span> <span class='ocrx_word' id='word_1_178' title='bbox 296 2987 532 3074; x_wconf 56' lang='lat' dir='ltr'>cotempore</span> <span class='ocrx_word' id='word_1_179' title='bbox 551 2980 767 3049; x_wconf 86' lang='lat' dir='ltr'>morabatur</span> <span class='ocrx_word' id='word_1_180' title='bbox 791 2986 878 3048; x_wconf 88' lang='lat' dir='ltr'>ante</span> <span class='ocrx_word' id='word_1_181' title='bbox 903 2975 1134 3049; x_wconf 88' lang='lat' dir='ltr'>Cracoviam.</span> <span class='ocrx_word' id='word_1_182' title='bbox 1171 2978 1259 3052; x_wconf 88' lang='lat' dir='ltr'>Post</span> 
     </span>
     <span class='ocr_line' id='line_1_27' title="bbox 163 3077 1257 3176; baseline -0.001 -27"><span class='ocrx_word' id='word_1_183' title='bbox 163 3077 432 3175; x_wconf 87' lang='lat' dir='ltr'>aliquantulum</span> <span class='ocrx_word' id='word_1_184' title='bbox 467 3101 556 3149; x_wconf 92' lang='lat' dir='ltr'>vero</span> <span class='ocrx_word' id='word_1_185' title='bbox 591 3087 742 3176; x_wconf 86' lang='lat' dir='ltr'>tempus</span> <span class='ocrx_word' id='word_1_186' title='bbox 778 3080 910 3150; x_wconf 87' lang='lat' dir='ltr'>eodem</span> <span class='ocrx_word' id='word_1_187' title='bbox 947 3102 1064 3172; x_wconf 70' lang='lat' dir='ltr'>anno,</span> <span class='ocrx_word' id='word_1_188' title='bbox 1092 3079 1257 3174; x_wconf 85' lang='lat' dir='ltr'>predicto</span> 
     </span>
     <span class='ocr_line' id='line_1_28' title="bbox 165 3178 1259 3275; baseline 0.001 -26"><span class='ocrx_word' id='word_1_189' title='bbox 165 3178 343 3275; x_wconf 91' lang='lat' dir='ltr'>episcopo</span> <span class='ocrx_word' id='word_1_190' title='bbox 373 3179 453 3251; x_wconf 89' lang='lat' dir='ltr'>solo</span> <span class='ocrx_word' id='word_1_191' title='bbox 482 3178 667 3251; x_wconf 85' lang='lat' dir='ltr'>existente</span> <span class='ocrx_word' id='word_1_192' title='bbox 695 3179 730 3250; x_wconf 92' lang='lat' dir='ltr'>in</span> <span class='ocrx_word' id='word_1_193' title='bbox 758 3179 925 3251; x_wconf 92' lang='lat' dir='ltr'>cubiculo</span> <span class='ocrx_word' id='word_1_194' title='bbox 947 3202 1028 3271; x_wconf 71' lang='lat' dir='ltr'>suo⁷</span> <span class='ocrx_word' id='word_1_195' title='bbox 1061 3179 1162 3251; x_wconf 87' lang='lat' dir='ltr'>venit</span> <span class='ocrx_word' id='word_1_196' title='bbox 1187 3204 1259 3250; x_wconf 88' lang='lat' dir='ltr'>vox</span> 
     </span>
     <span class='ocr_line' id='line_1_29' title="bbox 164 3277 1258 3372; baseline 0.002 -24"><span class='ocrx_word' id='word_1_197' title='bbox 164 3281 210 3349; x_wconf 91' lang='lat' dir='ltr'>de</span> <span class='ocrx_word' id='word_1_198' title='bbox 227 3302 315 3349; x_wconf 87' lang='lat' dir='ltr'>aere</span> <span class='ocrx_word' id='word_1_199' title='bbox 335 3279 481 3351; x_wconf 91' lang='lat' dir='ltr'>dicens:</span> <span class='ocrx_word' id='word_1_200' title='bbox 509 3279 590 3351; x_wconf 83' lang='lat' dir='ltr'>Non</span> <span class='ocrx_word' id='word_1_201' title='bbox 608 3281 745 3372; x_wconf 73' lang='lat' dir='ltr'>timeor,</span> <span class='ocrx_word' id='word_1_202' title='bbox 758 3279 882 3370; x_wconf 75' lang='lat' dir='ltr'>Paule,</span> <span class='ocrx_word' id='word_1_203' title='bbox 900 3281 963 3361; x_wconf 77' lang='lat' dir='ltr'>foc</span> <span class='ocrx_word' id='word_1_204' title='bbox 977 3277 1074 3371; x_wconf 85' lang='lat' dir='ltr'>quod</span> <span class='ocrx_word' id='word_1_205' title='bbox 1092 3281 1154 3370; x_wconf 81' lang='lat' dir='ltr'>vis,</span> <span class='ocrx_word' id='word_1_206' title='bbox 1174 3281 1258 3372; x_wconf 84' lang='lat' dir='ltr'>quia</span> 
     </span>
     <span class='ocr_line' id='line_1_30' title="bbox 163 3376 1257 3474; baseline 0 -26"><span class='ocrx_word' id='word_1_207' title='bbox 163 3379 312 3470; x_wconf 71' lang='lat' dir='ltr'>reprimo</span> <span class='ocrx_word' id='word_1_208' title='bbox 332 3401 427 3448; x_wconf 84' lang='lat' dir='ltr'>anno</span> <span class='ocrx_word' id='word_1_209' title='bbox 455 3380 628 3448; x_wconf 74' lang='lat' dir='ltr'>morieris.</span> <span class='ocrx_word' id='word_1_210' title='bbox 671 3378 749 3449; x_wconf 90' lang='lat' dir='ltr'>Nec</span> <span class='ocrx_word' id='word_1_211' title='bbox 767 3376 933 3449; x_wconf 87' lang='lat' dir='ltr'>distinxit</span> <span class='ocrx_word' id='word_1_212' title='bbox 952 3386 1075 3448; x_wconf 88' lang='lat' dir='ltr'>utrum</span> <span class='ocrx_word' id='word_1_213' title='bbox 1097 3378 1257 3474; x_wconf 87' lang='lat' dir='ltr'>septimo</span> 
     </span>
     <span class='ocr_line' id='line_1_31' title="bbox 166 3475 1258 3575; baseline 0 -27"><span class='ocrx_word' id='word_1_214' title='bbox 166 3499 264 3548; x_wconf 90' lang='lat' dir='ltr'>anno</span> <span class='ocrx_word' id='word_1_215' title='bbox 293 3475 533 3574; x_wconf 89' lang='lat' dir='ltr'>episcopatus</span> <span class='ocrx_word' id='word_1_216' title='bbox 566 3475 624 3547; x_wconf 87' lang='lat' dir='ltr'>sui</span> <span class='ocrx_word' id='word_1_217' title='bbox 654 3476 717 3548; x_wconf 91' lang='lat' dir='ltr'>vel</span> <span class='ocrx_word' id='word_1_218' title='bbox 740 3476 902 3575; x_wconf 85' lang='lat' dir='ltr'>septimo</span> <span class='ocrx_word' id='word_1_219' title='bbox 919 3500 1016 3548; x_wconf 91' lang='lat' dir='ltr'>anno</span> <span class='ocrx_word' id='word_1_220' title='bbox 1033 3480 1078 3549; x_wconf 88' lang='lat' dir='ltr'>ab</span> <span class='ocrx_word' id='word_1_221' title='bbox 1099 3499 1143 3550; x_wconf 89' lang='lat' dir='ltr'>eo</span> <span class='ocrx_word' id='word_1_222' title='bbox 1164 3489 1258 3549; x_wconf 88' lang='lat' dir='ltr'>tem-</span> 
     </span>
     <span class='ocr_line' id='line_1_32' title="bbox 163 3577 1257 3675; baseline 0.002 -27"><span class='ocrx_word' id='word_1_223' title='bbox 163 3601 270 3675; x_wconf 67' lang='lat' dir='ltr'>pore,</span> <span class='ocrx_word' id='word_1_224' title='bbox 303 3601 375 3672; x_wconf 91' lang='lat' dir='ltr'>quo</span> <span class='ocrx_word' id='word_1_225' title='bbox 406 3578 478 3649; x_wconf 93' lang='lat' dir='ltr'>hec</span> <span class='ocrx_word' id='word_1_226' title='bbox 508 3601 580 3648; x_wconf 88' lang='lat' dir='ltr'>vox</span> <span class='ocrx_word' id='word_1_227' title='bbox 612 3578 657 3647; x_wconf 93' lang='lat' dir='ltr'>ad</span> <span class='ocrx_word' id='word_1_228' title='bbox 682 3577 807 3673; x_wconf 91' lang='lat' dir='ltr'>ipsum</span> <span class='ocrx_word' id='word_1_229' title='bbox 834 3577 931 3648; x_wconf 84' lang='lat' dir='ltr'>facta</span> <span class='ocrx_word' id='word_1_230' title='bbox 956 3588 1023 3648; x_wconf 90' lang='lat' dir='ltr'>est.</span> <span class='ocrx_word' id='word_1_231' title='bbox 1072 3579 1125 3649; x_wconf 87' lang='lat' dir='ltr'>Ad</span> <span class='ocrx_word' id='word_1_232' title='bbox 1146 3603 1257 3675; x_wconf 90' lang='lat' dir='ltr'>quam</span> 
     </span>
     <span class='ocr_line' id='line_1_33' title="bbox 163 3675 1259 3775; baseline 0.001 -26"><span class='ocrx_word' id='word_1_233' title='bbox 163 3700 297 3749; x_wconf 90' lang='lat' dir='ltr'>vocem</span> <span class='ocrx_word' id='word_1_234' title='bbox 314 3677 507 3775; x_wconf 88' lang='lat' dir='ltr'>respondit</span> <span class='ocrx_word' id='word_1_235' title='bbox 521 3677 737 3774; x_wconf 91' lang='lat' dir='ltr'>episcopus:</span> <span class='ocrx_word' id='word_1_236' title='bbox 771 3675 877 3772; x_wconf 58' lang='lat' dir='ltr'>Baua</span> <span class='ocrx_word' id='word_1_237' title='bbox 896 3677 1027 3775; x_wconf 66' lang='lat' dir='ltr'>inquit,</span> <span class='ocrx_word' id='word_1_238' title='bbox 1047 3681 1130 3772; x_wconf 83' lang='lat' dir='ltr'>quio</span> <span class='ocrx_word' id='word_1_239' title='bbox 1149 3703 1259 3775; x_wconf 81' lang='lat' dir='ltr'>usque</span> 
     </span>
     <span class='ocr_line' id='line_1_34' title="bbox 164 3778 1259 3872; baseline 0.004 -22"><span class='ocrx_word' id='word_1_240' title='bbox 164 3778 216 3850; x_wconf 83' lang='lat' dir='ltr'>od</span> <span class='ocrx_word' id='word_1_241' title='bbox 232 3780 418 3872; x_wconf 79' lang='lat' dir='ltr'>septimum</span> <span class='ocrx_word' id='word_1_242' title='bbox 434 3802 567 3850; x_wconf 81' lang='lat' dir='ltr'>aunum</span> <span class='ocrx_word' id='word_1_243' title='bbox 581 3790 709 3872; x_wconf 75' lang='lat' dir='ltr'>potero</span> <span class='ocrx_word' id='word_1_244' title='bbox 728 3781 838 3850; x_wconf 83' lang='lat' dir='ltr'>vitum</span> <span class='ocrx_word' id='word_1_245' title='bbox 853 3803 969 3851; x_wconf 85' lang='lat' dir='ltr'>meum</span> <span class='ocrx_word' id='word_1_246' title='bbox 984 3779 1185 3852; x_wconf 72' lang='lat' dir='ltr'>emendare.</span> <span class='ocrx_word' id='word_1_247' title='bbox 1214 3781 1259 3854; x_wconf 84' lang='lat' dir='ltr'>Et</span> 
     </span>
    </p>

    <p class='ocr_par' dir='ltr' id='par_1_4' title="bbox 25 3879 1258 3975">
     <span class='ocr_line' id='line_1_35' title="bbox 25 3879 1258 3975; baseline 0.002 -25"><span class='ocrx_word' id='word_1_248' title='bbox 25 3951 26 3956; x_wconf 68' lang='grc'>,</span> <span class='ocrx_word' id='word_1_249' title='bbox 163 3879 262 3950; x_wconf 91' lang='lat' dir='ltr'>hanc</span> <span class='ocrx_word' id='word_1_250' title='bbox 281 3901 413 3948; x_wconf 92' lang='lat' dir='ltr'>vocem</span> <span class='ocrx_word' id='word_1_251' title='bbox 434 3879 629 3956; x_wconf 82' lang='lat' dir='ltr'>audierunt</span> <span class='ocrx_word' id='word_1_252' title='bbox 648 3880 775 3975; x_wconf 81' lang='lat' dir='ltr'>plures</span> <span class='ocrx_word' id='word_1_253' title='bbox 795 3879 856 3974; x_wconf 87' lang='lat' dir='ltr'>qui</span> <span class='ocrx_word' id='word_1_254' title='bbox 876 3883 1027 3952; x_wconf 83' lang='lat' dir='ltr'>stabant</span> <span class='ocrx_word' id='word_1_255' title='bbox 1045 3889 1132 3952; x_wconf 87' lang='lat' dir='ltr'>ante</span> <span class='ocrx_word' id='word_1_256' title='bbox 1161 3880 1258 3956; x_wconf 88' lang='lat' dir='ltr'>cubi·</span> 
     </span>
    </p>

    <p class='ocr_par' dir='ltr' id='par_1_5' title="bbox 25 3975 1258 4077">
     <span class='ocr_line' id='line_1_36' title="bbox 25 3975 1258 4077; baseline 0.002 -27"><span class='ocrx_word' id='word_1_257' title='bbox 25 3975 34 4052; x_wconf 71' lang='grc' dir='ltr'>ἑ</span> <span class='ocrx_word' id='word_1_258' title='bbox 165 3978 289 4050; x_wconf 88' lang='lat' dir='ltr'>culum</span> <span class='ocrx_word' id='word_1_259' title='bbox 316 3977 446 4075; x_wconf 90' lang='lat' dir='ltr'>ipsius.</span> <span class='ocrx_word' id='word_1_260' title='bbox 556 3980 663 4050; x_wconf 81' lang='lat' dir='ltr'>Anno</span> <span class='ocrx_word' id='word_1_261' title='bbox 691 3981 773 4077; x_wconf 91' lang='lat' dir='ltr'>ipso</span> <span class='ocrx_word' id='word_1_262' title='bbox 800 3980 998 4052; x_wconf 87' lang='lat' dir='ltr'>Bolezlaus</span> <span class='ocrx_word' id='word_1_263' title='bbox 1027 3983 1096 4050; x_wconf 87' lang='lat' dir='ltr'>dux</span> <span class='ocrx_word' id='word_1_264' title='bbox 1125 3978 1258 4052; x_wconf 77' lang='lat' dir='ltr'>Craco-</span> 
     </span>
    </p>
   </div>
   <div class='ocr_carea' id='block_1_3' title="bbox 29 4075 1257 4177">
    <p class='ocr_par' dir='ltr' id='par_1_6' title="bbox 29 4075 1257 4177">
     <span class='ocr_line' id='line_1_37' title="bbox 29 4075 1257 4177; baseline 0.004 -29"><span class='ocrx_word' id='word_1_265' title='bbox 29 4075 41 4127; x_wconf 60' lang='grc' dir='ltr'>ἵ</span> <span class='ocrx_word' id='word_1_266' title='bbox 164 4078 224 4150; x_wconf 87' lang='lat' dir='ltr'>vie</span> <span class='ocrx_word' id='word_1_267' title='bbox 245 4089 282 4153; x_wconf 82' lang='lat' dir='ltr'>et</span> <span class='ocrx_word' id='word_1_268' title='bbox 297 4079 546 4174; x_wconf 72' lang='lat' dir='ltr'>Sandomirie7</span> <span class='ocrx_word' id='word_1_269' title='bbox 572 4079 767 4155; x_wconf 85' lang='lat' dir='ltr'>Bolezlaus</span> <span class='ocrx_word' id='word_1_270' title='bbox 788 4083 859 4152; x_wconf 91' lang='lat' dir='ltr'>dux</span> <span class='ocrx_word' id='word_1_271' title='bbox 878 4080 1043 4177; x_wconf 46' lang='lat' dir='ltr'>Poloniea</span> <span class='ocrx_word' id='word_1_272' title='bbox 1064 4080 1257 4154; x_wconf 84' lang='lat' dir='ltr'>Conradus</span> 
     </span>
    </p>
   </div>
   <div class='ocr_carea' id='block_1_4' title="bbox 164 4177 1257 4279">
    <p class='ocr_par' dir='ltr' id='par_1_7' title="bbox 164 4177 1257 4279">
     <span class='ocr_line' id='line_1_38' title="bbox 164 4177 1257 4279; baseline 0.002 -25"><span class='ocrx_word' id='word_1_273' title='bbox 164 4181 237 4254; x_wconf 88' lang='lat' dir='ltr'>dux</span> <span class='ocrx_word' id='word_1_274' title='bbox 263 4179 441 4276; x_wconf 67' lang='lat' dir='ltr'>Marone,</span> <span class='ocrx_word' id='word_1_275' title='bbox 469 4180 603 4252; x_wconf 88' lang='lat' dir='ltr'>Lestoo</span> <span class='ocrx_word' id='word_1_276' title='bbox 632 4182 704 4252; x_wconf 91' lang='lat' dir='ltr'>dnx</span> <span class='ocrx_word' id='word_1_277' title='bbox 723 4180 891 4279; x_wconf 76' lang='lat' dir='ltr'>Syradie,</span> <span class='ocrx_word' id='word_1_278' title='bbox 916 4177 1098 4256; x_wconf 84' lang='lat' dir='ltr'>intrantes</span> <span class='ocrx_word' id='word_1_279' title='bbox 1117 4194 1257 4260; x_wconf 84' lang='lat' dir='ltr'>terram</span> 
     </span>
    </p>
   </div>
   <div class='ocr_carea' id='block_1_5' title="bbox 0 0 1525 4856">
    <p class='ocr_par' dir='ltr' id='par_1_8' title="bbox 0 0 1525 4856">
     <span class='ocr_line' id='line_1_39' title="bbox 0 0 1525 4856; baseline 0 0"><span class='ocrx_word' id='word_1_280' title='bbox 0 0 1525 4856; x_wconf 95' lang='lat' dir='ltr'> </span> 
     </span>
    </p>
   </div>
  </div>
 </body>
</html>
