3060 4828
286 337 333 408 44
367 335 530 410 CATAL.
550 334 883 412 EPISCOPORUM
903 334 1295 410 CRACOVIENSIUM.

283 535 468 610 Mothous.
496 537 634 609 Gedoo.
658 535 781 608 Falco.
812 533 1064 608 Winoenoius.
1096 535 1170 607 lvo.
1201 534 1378 608 Wizlaus.

283 635 482 734 Prandota⁷
510 640 579 711 sub
608 661 682 732 quo
701 636 821 708 dictus
840 639 972 708 beatus
991 634 1212 728 Staoyzlaus
1232 634 1378 732 episco-

282 758 354 831 pus
378 746 423 808 .et
450 737 580 809 martir
604 735 792 832 gloriosus
828 735 1068 808 canonizatur
1103 745 1142 808 et
1177 736 1375 831 cathalogo

284 846 498 908 sanctorum
541 837 748 910 ascribitur,
807 836 957 910 Paulus.
1018 836 1259 932 Proooppius.
1320 836 1376 908 lo·

283 936 430 1008 harnes
450 936 569 1008 dictus
595 938 803 1010 Moschata.
838 936 1048 1009 Nankerus.
1082 936 1269 1008 lohannes
1285 936 1376 1008 Gro-

282 1036 400 1108 donis.
436 1037 569 1110 Petrus
596 1037 715 1110 dictus
742 1036 890 1130 Syrzicz
919 1038 977 1109 26.
1013 1036 1203 1110 Bodzatha
1231 1036 1375 1133 episco-

283 1159 352 1233 pus
381 1135 480 1209 obiit.
532 1137 726 1209 Florianus
757 1137 957 1234 episcopus
978 1135 1251 1208 Craooviensis
1304 1137 1373 1208 Za·

281 1234 420 1308 vissio-s
448 1236 650 1334 episcopus
676 1236 949 1311 Craooviensis.
996 1237 1185 1310 lohannes
1219 1237 1372 1310 Radliza

282 1336 483 1433 episcopus
504 1336 776 1416 Cracovionsis
795 1339 855 1410 30.
904 1336 1036 1408 Petrus
1058 1336 1259 1433 episcopus
1285 1339 1371 1411 Cra·

281 1435 469 1508 coviensis
497 1447 533 1509 ot
558 1441 688 1509 doctor
714 1437 907 1533 utriusque
929 1435 1033 1531 iuris⁷
1060 1437 1145 1533 pius
1172 1446 1293 1532 pater,
1313 1441 1369 1511 31.

279 1535 453 1610 Allertus
481 1538 753 1611 lastrzambeoz
780 1541 825 1608 do
852 1535 1036 1608 Lubnioza
1063 1540 1120 1611 32.
1181 1537 1368 1633 Sbigneus
1417 1551 1419 1561 '

279 1637 430 1709 lohanis
451 1640 496 1710 de
515 1637 738 1711 Olesohnicz
757 1641 814 1710 33.
851 1637 1016 1709 Thomas
1043 1639 1088 1709 de
1120 1637 1369 1735 Sozampnio,

279 1739 422 1832 doctor7
441 1741 500 1811 34.
545 1738 702 1812 lacobus
728 1741 774 1810 ‹le
799 1736 959 1830 szemio‚
987 1740 1033 1810 de
1059 1741 1169 1810 domo
1188 1738 1368 1811 Dambno.

205 1843 206 1850 ’
277 1836 465 1910 lohannes
482 1838 714 1934 Gruszinsky
731 1841 777 1911 de
796 1841 907 1909 domo
926 1838 1058 1910 Rosze.
1077 1837 1264 1910 lohannes
1281 1838 1369 1910 Lut·
1425 1839 1426 1844 ’

276 1937 386 2010 konis
420 1942 466 2011 de
496 1939 673 2034 Brzesze,
705 1938 898 2035 utriusque
925 1936 1015 2009 iuris
1037 1941 1166 2011 doctor
1187 1942 1232 2010 de
1257 1941 1367 2010 domo
1422 2011 1424 2016 ,

276 2038 426 2113 Dolura.
461 2039 649 2112 lohannes
669 2037 967 2132 Rzesohowszky
986 2040 1153 2111 dedomo
1172 2038 1366 2111 Polukozo.

578 2340 1063 2372 ΰ--ῇ--ψ-

494 2678 744 2764 ANNALES
778 2681 1118 2764 POLONORUlll.
1187 2735 1189 2738 -

271 2795 469 2924 Annales,
496 2855 584 2930 quos
605 2832 641 2903 io
666 2837 824 2924 quotuor
845 2831 972 2914 formis
997 2829 1099 2898 nobis
1130 2834 1366 2899 servaverunt

271 2939 423 3032 codicrr,
444 2941 641 3011 arctissime
665 2961 745 3009 oum
770 2938 894 3007 celeris
918 2935 1127 3028 annalibus,
1152 2937 1188 3006 io
1213 2937 1363 3027 praefo-

271 3040 365 3110 tione
382 3039 543 3134 qenerali
559 3038 859 3127 commemoratis,
879 3034 1079 3128 cohaerent,
1103 3059 1209 3130 quom
1230 3036 1364 3106 Coaco-

271 3141 349 3210 vioe
367 3141 519 3232 scriptos
537 3143 571 3208 el
592 3160 634 3208 eo
653 3138 798 3230 antiquo
824 3137 922 3221 fonte
940 3134 1090 3206 haustos
1115 3159 1191 3206 esse
1216 3137 1263 3204 sil
1287 3140 1361 3204 sla·

269 3238 448 3311 luendum.
477 3238 576 3326 (luae
590 3243 708 3308 aulem
717 3237 841 3321 forma
855 3236 1036 3330 antiquior
1046 3237 1102 3329 sit,
1121 3257 1193 3306 oon
1208 3239 1360 3326 constat,

267 3340 479 3430 praesertim
499 3360 604 3433 quum
624 3336 764 3410 codices
777 3359 848 3408 non
867 3341 1103 3407 anterranum
1125 3336 1221 3406 1340
1239 3337 1362 3426 scripti

268 3437 320 3509 ad
336 3461 403 3510 nor
420 3440 588 3532 venerint,
606 3439 715 3508 imam
734 3460 817 3508 vero
836 3459 959 3506 eorum
977 3437 1095 3506 molor
1110 3459 1202 3528 poro
1220 3433 1360 3510 domum

267 3537 413 3609 soeculo
432 3539 568 3610 decimo
587 3539 707 3631 quinto
727 3542 882 3608 carrata
900 3539 955 3607 sil.
989 3535 1068 3606 Iam
1090 3559 1203 3628 supro
1222 3535 1362 3606 monui³

267 3660 357 3731 mur,
378 3641 495 3733 oroyis
513 3636 682 3708 accedere
701 3637 850 3708 annales
869 3641 1014 3706 nostros
1032 3634 1084 3707 od
1101 3635 1252 3706 annales
1272 3635 1360 3708 Cro·

267 3738 447 3810 cooienses
465 3736 689 3830 compilator,
717 3741 837 3808 tannen
862 3758 905 3804 eo
929 3734 973 3806 iis
990 3757 1062 3806 ooo
1088 3741 1171 3808 sunl
1195 3734 1356 3826 derivari,

266 3839 363 3933 quio,
378 3844 417 3910 ot
428 3843 618 3932 perspectu
634 3835 742 3921 focile
761 3841 823 3928 est,
854 3835 1033 3930 lonyiores
1063 3835 1131 3908 illis
1156 3842 1252 3921 sunl,
1273 3856 1356 3927 per·

266 3937 452 4034 multisque
471 3938 513 4011 de
532 3937 637 4009 rebus
655 3941 827 4028 tractant,
852 3959 942 4030 quas
966 3937 1106 4029 frustra
1123 3935 1171 4005 ibi
1194 3956 1356 4028 quaeres.

266 4037 336 4130 Sic,
356 4043 394 4108 ut
409 4061 530 4130 pauco
550 4043 688 4108 lantum
707 4043 870 4131 tanqam,
889 4037 1069 4107 continent
1091 4035 1238 4106 nomino
1258 4036 1356 4128 quin-

265 4159 331 4234 que
358 4139 558 4233 primorum
591 4139 838 4231 episcoporum
865 4135 1169 4228 Craoooieasiom‚
1194 4141 1227 4208 el
1253 4136 1355 4208 inilia
