3060 4828
265 265 310 338 12
361 263 470 339 ΑΝΝ.
488 263 588 340 CAP.
607 262 742 338 CRAC.
761 263 821 338 ET
839 262 945 336 ANN.
965 261 1100 338 CRAC.
1120 263 1259 340 COMP.

260 464 394 557 codice,
413 465 473 538 ubi
488 487 600 538 manu
615 485 712 536 saec.
727 463 817 538 XIV.
831 466 951 540 statim
961 470 1046 560 post
1064 463 1203 538 Ysidori
1216 462 1356 536 chroni-

261 587 342 638 cum
360 566 396 636 in
414 567 532 659 spatio
551 588 575 638 a
592 567 709 658 primo
727 565 848 637 scrita
867 587 983 638 uacuo
1002 563 1124 636 reticto
1139 565 1262 658 scripti
1274 568 1358 636 sunt

260 687 371 762 usque
397 664 449 736 od
474 687 608 738 annum
639 666 734 738 1247
743 691 757 755 ,·
790 665 1010 738 continuatio
1042 687 1164 736 eorum
1196 662 1277 738 inde
1308 662 1355 735 atr

262 787 297 837 a.
319 765 416 841 1255
433 788 543 860 usque
562 764 614 838 ad
631 787 667 836 a.
689 765 782 838 1291
810 769 929 837 eustat
952 767 987 836 in
1008 789 1043 860 p.
1065 765 1110 837 16
1135 763 1277 836 duatus
1295 785 1355 836 co-

260 864 390 938 lumnis
416 868 563 960 scripta.
606 862 866 958 'Cornpiiatoris
890 886 1035 938 munere
1057 866 1219 950 functum
1244 864 1356 950 fuisse

259 964 387 1038 trorum
407 965 594 1038 annalium
613 970 796 1036 auctorem
815 985 856 1036 eo
876 965 1057 1056 evincitur,
1084 963 1233 1062 quadiu
1252 985 1355 1035 usum

260 1087 365 1138 sunm
380 1067 483 1136 uertit
494 1065 853 1140 commemorationes
865 1063 947 1136 illas
961 1064 1005 1136 de
1019 1063 1355 1159 antiquisPoioniae

260 1165 403 1260 repibus
426 1164 629 1256 fabulosas,
655 1185 748 1260 qccas
772 1163 912 1260 quidem
940 1170 1098 1238 vetustos
1115 1187 1192 1236 esse
1210 1166 1355 1258 quisquc

260 1263 404 1357 dicerit,
439 1265 649 1360 quamtum
678 1266 819 1336 auctori
846 1261 1354 1358 chronicarumePoionorum,

261 1388 362 1459 quem
382 1363 464 1437 oiim
484 1364 681 1438 Martinam
701 1363 842 1437 Gallum
862 1361 1037 1459 dicebant,
1062 1366 1216 1451 fuissent
1233 1369 1353 1436 notae.

260 1463 403 1538 Accedit
427 1465 525 1560 quod
549 1472 678 1538 auctor
695 1467 840 1559 saepius
858 1487 970 1536 unam
988 1463 1206 1558 eandemque
1225 1487 1300 1535 rem
1318 1465 1354 1534 in

262 1563 401 1638 duobus
433 1564 487 1637 oet
516 1566 623 1636 etiam
655 1564 767 1636 tribus
791 1566 930 1657 profert
958 1564 1060 1658 tacis,
1093 1566 1192 1636 cuius
1223 1563 1276 1634 aet
1303 1563 1356 1633 rei

260 1664 457 1758 exemptum
484 1664 527 1737 de
551 1687 677 1759 papan
704 1663 803 1756 apud
829 1662 1043 1736 Mastiacum
1067 1664 1103 1734 in
1132 1663 1236 1734 annis
1258 1661 1354 1736 1195

261 1769 294 1836 et
316 1766 412 1839 1196
435 1771 507 1837 tres
524 1764 635 1838 trabes
654 1765 896 1836 narrationes.
945 1763 1065 1860 Neque
1092 1767 1264 1835 accieratc
1288 1761 1353 1834 ad·

259 1864 372 1937 tribuit
393 1868 529 1958 fontes,
557 1887 663 1958 quum
689 1862 837 1958 exempti
862 1865 985 1958 pratia
1011 1886 1045 1934 a.
1075 1864 1170 1936 1147
1196 1861 1240 1934 de
1265 1863 1354 1936 Con·

260 1964 354 2037 rado
372 1965 435 2036 ΙΙΙ.
463 1964 671 2037 relationem
699 1963 815 2035 denuo
844 1962 894 2036 ad
918 1987 952 2034 a.
974 1965 1068 2036 1247
1095 1963 1285 2058 proferret.
1307 2003 1352 2016 -

259 2063 426 2137 Attamen
450 2063 551 2137 haud
576 2063 766 2158 spernendi
782 2069 868 2135 sunt
883 2063 1045 2157 annates,
1071 2086 1190 2158 quum,
1219 2069 1256 2134 ut
1280 2064 1354 2134 iam

259 2187 373 2258 supra
392 2165 604 2255 monuimus,
631 2163 711 2248 fatti
728 2166 800 2236 stat
817 2163 1009 2235 annalibus
1027 2163 1229 2255 deperditis.

334 2262 511 2336 Edicierat
535 2269 703 2358 utrosque
725 2261 877 2334 annates
894 2261 1096 2334 Ludooc'cus
1112 2261 1294 2356 tetowstei,
1322 2283 1353 2334 u.

259 2385 349 2454 reu,
376 2365 412 2433 in
440 2360 635 2456 appendice
662 2362 782 2454 quarti
806 2362 894 2434 torni
917 2359 1017 2434 nari.-
1044 2360 1202 2455 Katatop
1227 2361 1354 2434 Bisica·

257 2466 356 2556 ponr,
387 2460 579 2554 pratatow
608 2463 621 2531 i
650 2460 863 2533 teanoniledw
888 2459 1163 2555 neocaesarea,
1196 2485 1226 2534 co
1259 2461 1354 2534 Kra-

258 2561 495 2638 aowte1853.

325 2864 576 2948 ANNALES
611 2863 857 2948 CAPl'l'ULl
890 2861 1291 2946 CRACOVIENSIS.

577 3108 746 3183 lNCtPlT
773 3108 1036 3183 PROLOGUS.

332 3264 455 3338 Prima
472 3266 608 3362 popina
628 3264 694 3336 snt
712 3270 795 3358 typo
814 3263 939 3337 talenti
955 3261 1081 3336 crediti
1096 3317 1250 3338 .......
1269 3289 1352 3338 nau

257 3387 381 3437 servus
407 3371 552 3459 torpens
578 3388 661 3438 reus
679 3367 844 3459 arpuitur
862 3365 996 3460 absque
1015 3364 1088 3438 atio
1107 3389 1148 3436 eo
1167 3365 1264 3460 quod
1281 3389 1353 3440 non

256 3465 431 3538 studuerit
447 3468 562 3560 protis
580 3465 681 3556 dare,
709 3465 806 3560 quod
830 3467 904 3560 ipse
921 3467 1037 3560 pratis
1056 3467 1201 3556 occepit.
1251 3466 1353 3553 Quic-

257 3564 342 3661 quid
364 3569 455 3638 enim
481 3564 624 3637 ecclesie
641 3563 786 3636 Domini
808 3571 891 3638 crat
904 3566 1131 3658 proditurum
1151 3587 1223 3637 non
1244 3566 1353 3638 inme·

257 3667 326 3738 rito
356 3666 577 3739 suotracissc
609 3666 665 3736 oio
691 3667 873 3760 arquitur,
909 3686 989 3736 cum
1013 3663 1165 3736 notuerit
1188 3665 1353 3739 omnibus

256 3765 347 3839 dure
364 3765 490 3861 qnod
477 3787 552 3859 epse
569 3787 641 3836 non
659 3762 847 3836 celandum
867 3765 1013 3857 accepit.
1049 3762 1147 3838 Unde
1161 3765 1353 3859 etpsolmt·

165 3880 248 3991 '3421ae
241 3865 418 3978 propians
448 3867 650 3940 vaticinans
679 3863 782 3937 dicit:
816 3863 1008 3937 {usticiam
1035 3873 1139 3936 taam
1166 3887 1241 3936 non
1268 3867 1353 3938 abs·

225 3939 395 4039 ²condi
386 3990 422 4036 ns
442 3967 554 4038 corde
574 3987 673 4059 meo,
691 3963 888 4038 veritatem
909 3975 947 4038 et
966 3964 1131 4037 satutare
1146 3973 1250 4038 tuum
1265 3964 1352 4061 dixi,

256 4089 332 4140 non
357 4063 475 4140 celavi
503 4063 810 4138 misecicordiam
826 4075 929 4138 tuam
955 4074 993 4138 et
1017 4063 1215 4138 veritatem
1247 4073 1351 4138 tuam
