3060 4828
285 282 503 358 ANNALES
529 281 745 360 CAPlTULl
771 281 1122 360 CRACOVIENSIS.
1212 285 1257 358 13

161 509 183 558 a
211 484 367 558 concilio
394 485 522 558 multo.
576 480 625 558 Εἰ
640 507 713 582 pro
736 485 803 557 troc
827 507 933 578 opere
958 487 1064 581 quasi
1088 484 1257 558 uicissitu-

161 586 279 658 dinem
295 587 486 682 postulans
505 581 655 658 adiecit:
678 582 732 658 Tu
751 594 879 658 autem
897 584 1057 660 Domine
1077 607 1124 656 ne
1143 584 1256 682 longe

161 685 278 760 facias
305 685 577 762 miseraciones
601 695 685 760 tuas
711 709 828 782 ame,
855 689 959 782 quasi
978 685 1130 758 diceret:
1158 685 1259 758 Sicut

162 811 228 883 eoo
252 788 324 874 feci
350 787 442 860 ulios
469 786 753 860 misericordiam
780 788 946 880 inuenire,
973 787 1024 858 ita
1043 788 1167 881 etipse
1185 807 1257 857 aon

158 889 323 981 pociaris
353 887 457 982 lonae
486 888 564 976 fieri
593 885 863 960 misericordias
889 893 973 958 tuas
1001 910 1024 958 a
1052 910 1117 957 me.
1171 887 1257 959 Cum

161 990 269 1082 iyitur
288 987 331 1060 de
348 988 473 1060 talenti
490 987 614 1060 crediti
632 986 881 1060 distriiucione
899 992 1003 1059 tanta
1021 993 1182 1080 speretur
1203 1008 1259 1057 re·

161 1088 324 1181 tribucio,
351 1111 456 1183 opere
472 1089 630 1181 precium
649 1094 711 1180 eu,
737 1093 777 1158 nt
795 1087 931 1182 aliquid
948 1087 991 1159 de
1008 1085 1076 1159 lciis
1100 1109 1166 1182 que
1190 1085 1259 1180 leui

161 1187 217 1260 uel
240 1186 362 1260 audivi
391 1187 586 1260 edisseram
619 1187 671 1259 ad
700 1187 965 1273 edificacionem
994 1189 1255 1281 proximorum.

163 1288 254 1375 Quia
274 1311 357 1360 uero
375 1290 411 1360 in
430 1287 689 1378 tradicionibus
708 1286 893 1359 annalium
907 1291 1087 1381 cestorum
1103 1285 1257 1382 quedam

161 1389 279 1484 colliyi
302 1412 494 1482 possumus
521 1387 573 1459 od
596 1410 737 1460 moram
761 1389 1075 1476 informacionem,
1102 1385 1256 1482 quedam

162 1487 213 1560 ad
235 1488 413 1560 malornm
433 1489 647 1560 eversionem
666 1495 700 1558 et
713 1486 1000 1580 detestarionem‚
1020 1489 1103 1582 quia
1121 1485 1256 1559 malum

160 1589 228 1660 nisi
245 1591 424 1685 counitum
442 1613 531 1662 suae
550 1612 622 1660 aon
639 1590 783 1680 vitatur,
810 1587 963 1684 uaedam
992 1609 1075 1658 uero
1104 1585 1154 1658 ud
1172 1609 1257 1658 caer·

160 1687 266 1760 telam
284 1692 488 1775 futurorum
507 1691 591 1785 quia
615 1689 775 1782 preteriti
800 1741 882 1760 .....
883 1689 992 1760 „icio
1016 1689 1107 1759 scire
1130 1689 1257 1772 sutura

159 1791 260 1882 facit,
288 1795 502 1883 oportunam
528 1790 687 1861 existimo
715 1788 766 1859 ad
787 1811 856 1882 pro
880 1794 1044 1859 ...ctum
1063 1787 1257 1881 leqeacium

162 1895 195 1961 et
219 1887 404 1961 utilitatem
432 1889 657 1962 audiencium
685 1941 793 1960 ......
801 1885 902 1960 nulia
929 1894 1031 1984 uesta
1057 1894 1255 1981 temporum

159 1991 409 2081 preteritorum
447 1989 498 2060 ad
530 1985 783 2084 memori(am)
816 1990 1036 2081 presencium
1072 2010 1256 2080 reuocare,

163 2089 258 2182 quein,
286 2093 327 2158 ut
343 2087 426 2159 dicit
443 2087 652 2183 Etle(i)eus.·
674 2089 750 2176 hec
768 2087 991 2162 meminisse
1009 2085 1157 2159 iuvabit.
1201 2085 1257 2158 Eu

80 2214 83 2218 ·
161 2189 247 2280 ipsis
277 2189 329 2258 ita
359 2210 483 2260 sumus
509 2211 579 2282 pro
611 2187 733 2260 diebus
764 2189 890 2284 quibus
915 2213 985 2268 nos
1018 2186 1259 2286 lru(milio)sti

163 2287 217 2382 (et
234 2287 385 2385 e)etero.
437 2288 612 2360 Preteritu
639 2291 742 2384 enim,
770 2295 808 2360 ut
833 2289 916 2360 dicit
933 2289 1113 2361 Horosius
1133 2342 1254 2362 .......

158 2387 336 2460 habeatnr
353 2390 389 2460 in
406 2389 522 2462 uerbis
540 2395 694 2488 quanto·
693 2444 812 2462 .......
820 2396 916 2462 entur
941 2391 976 2461 in
1001 2391 1121 2484 uestis.
1170 2387 1256 2460 ldeo

160 2511 232 2583 qua
244 2545 251 2560 .
263 2543 271 2558 .
283 2489 450 2560 ..credam
470 2489 541 2562 letu
560 2491 651 2562 sicut
665 2489 987 2583 eapostulat.......
1002 2489 1148 2562 Paionia
1166 2489 1256 2560 edis-

159 2611 280 2660 serens
296 2595 340 2676 et
364 2589 517 2684 quedam
543 2643 702 2660 .........
712 2589 816 2659 cedem
843 2592 1001 2661 inserens
1027 2591 1256 2661 acreacioae

161 2743 275 2760 .......
294 2688 431 2761 ordinis
446 2688 632 2760 verborum
651 2687 843 2760 secuudum
864 2685 937 2760 Ysi.
949 2745 958 2763 .
971 2745 978 2758 .
990 2743 1018 2760 ..
1039 2687 1204 2760 ribendo
1222 2694 1256 2759 et

157 2789 239 2862 leuic
274 2789 445 2882 opusculo
482 2789 525 2860 de
561 2842 686 2862 .......
721 2789 950 2881 preponendo
982 2794 1022 2859 ut
1051 2794 1253 2860 creator...

158 2913 236 2962 sam
250 2945 256 2960 .
271 2944 278 2959 .
334 2947 340 2961 .
352 2892 407 2960 isa
435 2889 687 2961 causalissima
716 2911 807 2962 unus
833 2887 931 2962 Deus
961 2943 1086 2960 .......
1114 2889 1150 2958 ia
1172 2910 1253 2982 per-

158 2991 256 3059 sonis
275 2991 399 3060 merito
413 2990 680 3060 commendetur
692 3043 702 3059 .
762 3045 769 3060 .
780 3045 786 3060 .
797 2981 952 3060 ..ceatur
965 2991 1001 3060 ia
1015 2987 1139 3063 numdi
1152 3011 1253 3060 creu-

159 3090 269 3178 cione,
292 3111 384 3160 unus
404 3112 518 3160 ...nm
538 3111 690 3161 causam
709 3088 885 3160 lurrdalrili
903 3111 995 3160 ausu
1013 3092 1061 3160 mi
1067 3143 1163 3161 ......
1170 3111 1254 3159 ura·

151 3188 218 3258 'lrili
231 3187 369 3282 eloquio
384 3191 531 3284 quesivit
542 3191 687 3260 inuenit.
698 3243 720 3260 ..
788 3200 872 3260 'eum
887 3188 1044 3260 diuinam
1060 3191 1254 3261 esseaciam

158 3287 349 3371 foroiulem
370 3342 509 3359 ........
521 3287 611 3360 alem
632 3287 788 3359 diuinam
809 3289 999 3360 bonitatem
1024 3311 1253 3360 ccor....um

159 3388 323 3457 insistens
349 3389 385 3456 in
408 3387 571 3457 omnibus
597 3387 808 3459 br·e...utas
840 3387 1029 3458 audiencia
1056 3393 1109 3460 cst
1135 3389 1254 3460 narica

161 3538 287 3560 .......
307 3485 403 3580 quael
419 3492 564 3578 uratum
584 3493 634 3558 est
648 3486 811 3559 omnihus
899 3489 1047 3560 ·..ritaas
1063 3487 1254 3576 dificultate

152 3631 156 3640 ·
159 3639 404 3659 .............
423 3587 746 3678 carueritpeuitus.
782 3584 901 3660 Arrrea.
997 3643 999 3648 .

456 3685 670 3760 EXPLICIT
696 3686 959 3760 PROLOGUS.

233 3817 321 3874 Prima
342 3829 397 3874 etas
417 3821 444 3873 in
465 3821 573 3874 exordio
593 3839 642 3876 suo
664 3825 857 3877 ...ereecione
876 3823 979 3876 mundi.
1012 3821 1103 3876 Primo
1122 3823 1192 3876 enim
1211 3823 1254 3878 dic

159 3892 233 3946 Deus
253 3893 280 3946 in
300 3893 368 3946 lacis
387 3893 495 3947 nomine
515 3895 635 3948 condidit
655 3896 779 3964 angelon
805 3896 916 3948 secundi
941 3895 969 3950 in
988 3895 1149 3950 firmamenti
1168 3913 1254 3966 uppe-

158 3965 262 4018 lecione
282 3967 368 4030 celos,
395 3967 478 4020 tercio
497 3968 524 4021 in
546 3969 590 4020 die
610 3969 817 4022 ...mreacionis
836 3969 967 4022 vocabulo
987 3970 1103 4039 speciem
1124 3985 1254 4040 aquarum

159 4046 187 4092 et
202 4048 286 4102 terrm
306 4049 400 4110 quarto
416 4049 505 4094 sutem
522 4039 663 4094 luminaria
681 4041 746 4103 celi;
768 4041 860 4114 quinto
875 4058 939 4095 vero
955 4041 1103 4096 unimancia
1120 4060 1151 4096 ex
1167 4044 1252 4114 aquis,

156 4121 231 4165 sexto
251 4113 400 4167 animancia
421 4131 453 4167 ex
473 4123 542 4168 terra
562 4123 589 4168 et
608 4114 753 4180 hominem,
774 4131 855 4188 quem
874 4114 1018 4186 appellavit
1036 4115 1134 4172 Adam.
