3040 4856
270 393 319 468 86
424 390 606 465 CONTlN.
632 389 798 464 ANNAL.
829 389 1118 466 POLONORUM
1153 390 1213 466 lll.

272 615 391 692 prope
423 592 612 664 civitatem
648 591 882 663 Danbrowno
912 615 996 663 oum
1031 592 1109 664 suis
1139 591 1366 664 exercitibus

274 694 418 765 intrans
439 702 611 790 potenter
628 700 766 762 terram
786 690 1038 789 predictorum
1065 693 1101 763 in
1130 691 1189 764 die
1219 702 1368 764 sancto·

164 816 208 863 rur.
229 814 265 863 1o.
275 818 358 865 rum
378 792 571 864 divisionis
592 793 848 888 apostolorum
867 793 1070 889 prostravit
1090 804 1241 865 eentum
1262 817 1369 864 sexa·
1480 858 1485 867 .

275 893 380 991 ginta
419 892 519 964 milia
551 891 716 963 virorum
757 902 987 964 armatorum
1027 903 1064 964 et
1106 893 1370 990 septingentos

275 993 487 1091 quindecim
507 991 607 1064 viros
623 991 824 1089 prostravit
840 1003 941 1064 certo
959 1016 1025 1090 per
1040 993 1142 1090 ipsos
1154 996 1371 1090 approbata.

274 1096 367 1167 ltem
388 1094 530 1166 eisdem
550 1092 781 1189 temporibus
800 1092 899 1164 idem
922 1117 988 1164 rex
1014 1119 1099 1165 cum
1115 1118 1183 1166 suo
1206 1093 1371 1166 exercitu
1504 1127 1507 1156 ι

275 1195 371 1267 ultra
387 1193 634 1292 progrediens
650 1193 880 1290 expugnavit
895 1204 932 1264 et
945 1194 1110 1266 lucratus
1130 1203 1187 1265 est
1215 1195 1371 1288 quadra·

276 1295 378 1390 ginta
399 1319 465 1366 sex
484 1292 666 1366 fortalicia
684 1291 858 1366 videlicet
885 1303 921 1364 et
947 1304 1070 1364 castra
1099 1292 1267 1390 ipsorum
1293 1317 1371 1365 me-

275 1396 368 1467 liora
404 1405 441 1467 et
475 1392 751 1487 eminenciora⁷
791 1392 964 1464 videlieet
998 1394 1169 1486 'lhorun7
1203 1392 1371 1489 Gdansk‚

276 1494 456 1590 Heluian,
501 1493 702 1567 Strosbark
748 1493 840 1564 alias
878 1493 1103 1588 Brodnicza,
1140 1495 1372 1590 Grumandz,

277 1595 429 1689 Olanth,
461 1593 636 1689 Dirzgov‚
665 1593 854 1665 civitatem
874 1593 1137 1690 llllariembark5
1165 1594 1371 1666 Neschawa

277 1705 315 1766 et
337 1698 383 1767 de
402 1693 484 1765 aliis
505 1694 660 1766 ulterius
680 1692 924 1766 subticemus.

354 1797 461 1867 1417.
484 1817 623 1889 magna
645 1793 770 1866 clades
792 1791 908 1865 oritur
928 1792 963 1864 in
986 1803 1086 1866 terra
1102 1791 1254 1872 Polonie
1274 1795 1372 1890 quod

275 1918 393 1966 unum
413 1894 608 1966 ooretlmm
629 1892 787 1989 siliginis
807 1903 989 1990 pensatur
1007 1916 1076 1990 per
1096 1895 1315 1990 regressos
1335 1903 1374 1966 et
1398 1978 1408 1996 .

275 1995 379 2090 eitra,
404 1993 568 2068 triticum
589 2017 678 2065 vero
695 2017 766 2090 per
783 1998 806 2066 8
825 1993 952 2066 scotis,

356 2099 463 2170 1419.
483 2097 636 2167 demum
656 2093 827 2166 fertilitas
848 2118 986 2190 magna
1001 2092 1120 2165 tuitio
1135 2117 1253 2189 regno
1269 2093 1373 2165 Polo·

277 2194 338 2267 nie
355 2194 452 2267 circa
467 2205 607 2267 terram
623 2194 858 2267 Sandomirie
881 2204 919 2266 et
941 2193 1185 2266 Lubliensem
1204 2194 1254 2266 113
1274 2195 1372 2290 quod

275 2319 392 2367 unum
413 2303 582 2368 coretum
603 2304 683 2366 3131
702 2317 770 2389 per
805 2317 872 2365 sex
891 2293 1065 2366 denarios
1086 2304 1122 2365 et
1141 2315 1209 2389 per
1226 2299 1259 2366 8.

352 2397 459 2467 Anno
482 2397 590 2468 1415.
617 2417 738 2464 annus
766 2393 985 2490 pluvinosus
1011 2391 1048 2464 in
1076 2393 1187 2465 terris
1221 2391 1373 2464 Polonie

277 2504 315 2566 et
333 2495 469 2568 Russie
489 2493 662 2566 extiterat
680 2493 730 2565 ita
743 2495 840 2589 quod
860 2493 990 2590 fruges
1010 2504 1110 2566 terre
1124 2491 1280 2582 minime
1295 2515 1374 2563 me·

276 2604 359 2666 tere
384 2604 599 2692 potuerunt,
626 2595 724 2691 quod
751 2617 820 2689 per
844 2618 956 2691 agros
986 2592 1189 2665 culturinos
1211 2615 1307 2688 aqua
1327 2592 1373 2663 ad

262 2694 396 2768 ‘instar
413 2693 598 2794 paludinis
624 2717 692 2791 per
715 2693 862 2791 pluvias
888 2692 1024 2767 nimias
1050 2694 1310 2765 continebatur
1337 2700 1375 2762 et

278 2805 349 2869 oet.
383 2797 425 2868 ln
444 2792 629 2870 Sezitelko
649 2849 778 2867 ......

659 3020 989 3032 mut-t·-

393 3243 553 3318 NOTAE
579 3243 900 3318 LUssmNENsns
927 3244 989 3316 EX
1016 3243 1188 3318 conten
1216 3247 1248 3320 3.

352 3381 461 3452 Anno
480 3381 629 3454 Domini
652 3384 761 3476 1456,
788 3391 960 3478 tempore
979 3380 1081 3477 regis
1100 3381 1301 3475 Kazymiri‚
1320 3405 1377 3454 re·

278 3478 336 3578 gis
364 3481 530 3574 Polonie,
545 3482 679 3554 fratres
695 3482 816 3554 saneti
831 3481 1033 3576 1113331331,
1059 3480 1198 3554 ordinis
1218 3482 1375 3552 fratrum

279 3585 325 3654 de
344 3605 433 3653 vera
455 3582 713 3676 observancia,
731 3593 958 3680 receperunt
972 3583 1096 3654 locum
1113 3592 1150 3654 et
1169 3582 1374 3654 claustrum

277 3681 314 3754 in
328 3682 470 3776 Lublyn
487 3693 591 3754 extra
607 3706 746 3754 muros.
798 3682 980 3755 Dominus
995 3682 1180 3776 Kyerstan
1202 3692 1239 3754 et
1253 3682 1376 3776 Kuny-

278 3799 377 3879 noga
397 3783 573 3856 consules
594 3782 753 3854 civitatis
773 3782 938 3879 predicte
958 3785 1140 3856 dederunt
1163 3793 1265 3856 ortos
1286 3805 1376 3854 suos

278 3883 453 3957 fratribus
473 3909 539 3981 pro
575 3883 735 3956 ecelesia
763 3886 1014 3955 construenda
1043 3894 1081 3955 et
1104 3883 1277 3956 claustro.
1335 3882 1378 3954 'A

279 3983 458 4081 principio
474 3983 700 4057 fundationis
718 4007 786 4056 sue
800 3985 1158 4056 fratreshabuerunt
1174 3982 1376 4055 ecclesiam

279 4081 377 4154 inter
397 4088 529 4157 robora
550 4084 727 4180 quercina
747 4093 944 4156 muratam.
998 4084 1102 4154 Tune
1119 4082 1182 4155 illo
1201 4093 1375 4180 tempore

281 4181 404 4256 nullus
434 4183 616 4257 secularis
654 4184 768 4256 lronro
803 4183 872 4255 luit
903 4185 938 4256 in
976 4184 1140 4256 elaustro
1178 4194 1214 4256 et
1249 4183 1374 4257 nullus
