3040 4856
285 376 355 450 112
507 370 723 445 dunatus
749 371 1118 448 MECHOVIENSES.

281 572 405 646 divina
425 569 547 644 officia
565 570 769 644 missarum
788 594 832 643 ac
846 595 1092 670 vesperorum
1112 581 1238 668 potest
1256 581 1293 644 et
1310 572 1374 644 de·

281 676 345 746 bet
371 675 461 746 dare
488 671 624 768 populo
657 671 961 744 benediccionem
988 672 1227 769 solempnem
1262 681 1302 743 ut
1334 670 1373 742 in

283 775 417 845 eadem
436 771 535 847 bulla
554 770 635 843 sive
652 771 776 842 littera
794 771 1000 868 apostolica
1016 771 1138 844 lucide
1152 770 1375 844 continetur.

281 873 375 944 Item
406 873 540 944 eodem
571 894 669 942 anno
700 871 818 950 idem
828 871 1042 968 prepositus
1074 870 1189 945 frater
1214 868 1376 943 Michael

283 971 502 1070 conparavit
519 971 675 1042 infulam
693 970 810 1068 perlis
830 981 866 1042 et
885 971 967 1044 aliis
986 971 1169 1068 lapidibus
1188 981 1374 1064 ornatam,

284 1083 320 1146 et
345 1072 517 1146 baculum
546 1070 626 1144 sive
655 1081 901 1144 curwaturam
929 1075 1025 1170 apud
1050 1072 1186 1144 fratres
1206 1070 1375 1143 Predica·

281 1183 384 1246 tores
403 1195 471 1268 pro
491 1174 539 1245 60
559 1167 710 1266 marciS,
735 1170 785 1242 ita
812 1175 908 1268 quod
929 1171 1083 1270 prelatis
1102 1170 1275 1268 insigniis
1295 1194 1375 1242 om·

283 1296 352 1346 nes
372 1270 660 1344 Mechovienses
680 1270 861 1368 prepositi
879 1274 1016 1344 debent
1034 1281 1071 1343 et
1088 1281 1249 1368 possunt
1267 1269 1319 1342 uti
1337 1269 1376 1341 in

283 1371 402 1445 sacris
441 1369 592 1464 synodis
633 1381 671 1442 et
706 1390 839 1466 regum
874 1372 1182 1445 coronacionibus
1220 1380 1258 1443 et
1293 1369 1375 1442 aliis

283 1471 457 1545 omnibus
477 1469 802 1567 solempnitatibus
823 1470 974 1544 ubilibet
990 1473 1174 1567 locorum,
1201 1471 1374 1544 omnibus

282 1570 514 1669 temporibus
534 1580 715 1667 perpetuo
735 1570 932 1644 duraturis.
1008 1571 1101 1642 ltem
1121 1593 1219 1642 anno
1239 1573 1375 1642 eodem

284 1671 486 1744 ecclesiam
505 1693 643 1741 novam
663 1669 699 1740 in
711 1669 844 1743 Chelm
863 1682 991 1744 nostra
1010 1668 1096 1743 villa
1114 1679 1212 1744 retro
1231 1671 1376 1743 Rabam

284 1771 395 1844 sitam
413 1794 497 1842 oum
513 1769 596 1841 aliis
615 1769 847 1842 ornamentis
863 1770 1022 1868 propriis
1036 1769 1221 1868 impensis
1235 1769 1325 1841 feeit
1338 1777 1377 1842 et

283 1894 405 1968 usque
432 1869 469 1940 in
494 1867 609 1940 finem
643 1869 889 1942 consumavit.
974 1872 1068 1943 ltem
1105 1872 1243 1950 eodem
1276 1892 1375 1941 anno

282 1971 409 2044 villam
429 1993 546 2067 prope
572 1969 778 2042 Yadownik
803 1971 939 2042 dictam
966 1968 1374 2066 Twaidoslavicze‘pro

282 2075 356 2146 300
376 2069 512 2142 marcis
532 2069 757 2166 conparavit.
842 2072 937 2142 ltem
964 2095 1061 2142 anno
1089 2074 1223 2144 eodem
1248 2069 1376 2141 villam

282 2170 407 2244 Orlow
436 2193 504 2266 pro
536 2171 611 2242 600
641 2169 779 2242 marcis
811 2173 909 2268 apud
940 2171 1120 2243 domnum
1150 2171 1375 2242 Nemerzam

283 2269 505 2343 canonicum
543 2269 833 2342 Cracoviensem
875 2269 1101 2366 conparavit.
1143 2269 1237 2342 ltem
1277 2269 1375 2364 apud

283 2372 471 2467 quendam
494 2367 723 2463 Bogussium
754 2369 792 2440 in
810 2369 1054 2442 Pscrossiczk
1085 2379 1122 2442 et
1155 2368 1302 2466 Lgotha
1338 2377 1376 2439 et

281 2470 466 2542 Podlesna
484 2468 592 2542 Wola
611 2491 700 2540 suas
720 2479 846 2564 partes
867 2493 933 2566 pro
953 2472 1026 2543 300
1045 2468 1193 2541 marcis.
1405 2541 1408 2546 .

267 2658 270 2661 Ι
357 2570 464 2640 Anno
483 2555 631 2665 Domini
653 2570 759 2642 1415.
785 2572 944 2643 domnus
974 2569 1134 2641 Michael
1158 2568 1374 2667 prepositus

281 2668 558 2742 lllechoviensis
581 2692 705 2766 prope
731 2669 895 2744 Stawani
921 2669 1048 2742 villam
1080 2668 1375 2742 Gotharcovicze

283 2769 374 2842 emit
392 2792 459 2866 pro
479 2767 693 2866 quingentis
713 2769 860 2842 marcis.

356 2870 450 2941 ltem
485 2892 583 2940 anno
614 2869 762 2940 Domini
799 2870 904 2942 1420.
937 2867 1185 2952 hereditatem
1217 2866 1398 2960 Sadowe¹

283 2991 400 3066 prope
426 2967 720 3040 Gotharcovioze
745 2967 982 3066 conparavit,
1018 2991 1091 3066 que
1116 2965 1305 3043 hereditas
1336 2965 1374 3039 in

281 3078 402 3167 totum
422 3069 616 3139 constabat
634 3067 730 3139 ultra
749 3078 901 3140 centum
921 3077 959 3140 et
977 3067 1166 3165 octoginta
1186 3067 1332 3140 marcis.

358 3171 454 3242 ltem
478 3192 576 3240 anno
604 3167 752 3239 Domini
787 3170 893 3243 1421.
927 3169 1082 3240 chorum
1115 3177 1247 3241 sancte
1278 3167 1374 3240 Hed-

281 3268 388 3366 wigis
408 3269 444 3340 in
464 3268 644 3341 Cracovia
663 3267 780 3340 muris
800 3267 987 3365 conplevit
1012 3279 1049 3341 et
1076 3293 1174 3340 anno
1202 3265 1375 3364 sequenti

281 3379 424 3441 tectum
442 3372 607 3466 desuper
631 3369 816 3441 ordinavit
841 3379 878 3440 et
903 3369 958 3442 sic
983 3368 1136 3441 insimul
1160 3368 1272 3442 labor
1291 3390 1376 3466 pre·

282 3469 402 3542 dictus
422 3471 495 3542 400
513 3467 649 3542 marcis
678 3479 714 3542 et
740 3469 835 3541 ultra
856 3470 1041 3559 constetit.

231 3629 232 3632 ,
357 3572 464 3642 Anno
482 3568 642 3642 Domini
654 3573 759 3642 1417.
779 3569 977 3641 concilium
995 3568 1174 3664 generale
1193 3566 1262 3638 luit
1280 3566 1374 3638 Con-

283 3668 427 3741 stancie
454 3668 695 3741 celebratum.
749 3670 790 3740 ln
826 3672 959 3742 eodem
997 3668 1152 3741 concilio
1188 3668 1375 3739 lohannes

282 3768 401 3842 dictus
425 3770 533 3842 Huss
550 3770 741 3842 Bobemus
768 3769 926 3842 nacione
952 3772 997 3842 de
1027 3768 1156 3842 heresi
1183 3766 1376 3840 convictus

284 3869 1042 3943 etincendiomiserabiliterconsumatus.
1075 3867 1375 3943 Cuiuslohannis

282 3967 431 4040 heresis
446 3969 482 4040 in
499 3971 631 4067 Draga,
649 3971 765 4043 immo
780 3971 817 4041 in
832 3981 909 4043 tota
923 3970 1118 4064 Bohemia‚
1136 3969 1204 4042 luit
1221 3977 1299 4040 tam
1314 3991 1378 4038 va·

282 4066 357 4138 lida
373 4077 410 4139 et
424 4070 584 4144 crudelis
600 4074 697 4168 quod
712 4064 843 4142 omnia*
853 4069 1082 4143 monasteria
1097 4068 1251 4142 Hussite
1270 4069 1378 4140 here·

283 4164 345 4238 tici
373 4169 678 4268 desertaverunt‚
711 4194 844 4244 omnes
874 4171 1073 4268 religiosos
1106 4170 1313 4244 monacho-s
1342 4176 1379 4239 et
