3060 4828
531 354 803 429 PRAEFATIO.
1170 357 1218 430 lx

117 555 221 628 bulla
252 579 375 650 papae
403 557 607 630 innocentii
627 555 684 628 lV.
722 556 988 651 inquisitoribus
1025 556 1218 628 miraculo·

119 696 204 746 rum
229 675 347 746 sancti
371 673 547 748 stanislai
574 697 670 746 anuo
701 675 794 749 1251
826 674 935 768 data,
962 677 998 746 in
1029 699 1101 770 qua
1128 675 1219 748 baec

121 792 235 864 verba
260 799 471 865 occurrunt:
504 793 560 864 Ad
585 791 657 864 hec
682 790 816 863 librum
845 792 1093 890 cronicorum,
1120 774 1216 890 quod

38 899 39 908 ἶ
120 909 328 1006 capitulum
358 909 553 1007 pertinens
586 911 632 980 ad
662 907 856 1004 negotium
889 917 1218 1007 memoratamex

121 1026 278 1100 archivo
387 1027 491 1100 ducis
519 1026 672 1102 Polonie
706 1026 845 1099 editum
878 1037 916 1100 el
943 1028 1056 1100 etiam
1081 1028 1217 1101 librum

123 1145 318 1217 annalium
338 1155 376 1218 et
394 1145 626 1244 epitaphium
646 1146 842 1218 considera
862 1146 1071 1244 diligenter.
1117 1149 1218 1220 Com·

117 1263 304 1357 probatur
319 1263 409 1336 baca
422 1267 606 1358 sententia,
626 1267 656 1336 si
671 1264 823 1337 annales
837 1272 1008 1338 accurate
1017 1268 1218 1360 perspicias

123 1383 384 1479 esarrsinesque.
443 1380 543 1454 Vides
570 1383 661 1454 enim
688 1385 809 1455 statim
842 1371 1027 1478 &ittonam
1058 1386 1216 1468 formam

121 1501 201 1584 fere
227 1507 339 1574 lotam
367 1524 537 1574 manasse
561 1503 599 1573 in
615 1499 772 1580 Annales
796 1501 943 1593 capituli
961 1501 1217 1596 Cracooiensis,

123 1620 186 1711 qui
211 1620 263 1690 acl
284 1618 444 1715 stapulas
469 1643 586 1692 annos
608 1643 651 1692 ea
675 1618 858 1692 anncrlium
879 1643 945 1691 usu
961 1620 1135 1714 praebent
1154 1619 1219 1692 ‹su-

122 1737 328 1808 notatianes
352 1737 475 1810 breues
500 1741 724 1834 strictasque,
750 1741 878 1832 paucis
903 1744 1042 1809 trintum
1069 1740 1104 1810 in
1130 1738 1218 1810 locis

122 1853 289 1926 uberiore
306 1857 412 1948 copia
431 1857 616 1928 uerborum
638 1861 802 1947 ornatas,
821 1857 872 1925 ita
891 1859 1009 1925 tamen
1029 1861 1068 1926 ut
1081 1880 1218 1948 semper

123 1972 332 2044 annalistae
367 1980 402 2044 et
433 1973 678 2066 compilatoris
713 1993 841 2042 inuisus
876 1974 1058 2066 seiunpere
1089 1975 1216 2067 possis.

123 2088 206 2160 Non
238 2089 459 2184 dubitamus,
500 2093 583 2187 quin
617 2087 653 2159 lu'
686 2087 837 2160 annales
863 2091 1013 2182 propius
1045 2091 1095 2162 ad
1127 2071 1217 2163 cunti·

123 2229 234 2302 arcemn
253 2210 411 2293 formam
437 2208 607 2281 accedere
623 2206 804 2278 statuendi
821 2208 901 2300 sint,
923 2211 1087 2303 quaereris
1104 2210 1218 2281 conec

122 2349 248 2397 eorum
268 2325 409 2398 eternum
427 2327 463 2396 in
480 2328 548 2413 line
565 2324 700 2396 saeculi
717 2324 812 2418 X111,
839 2330 879 2396 ut
895 2326 993 2410 infra
1013 2325 1217 2423 videbimus,

124 2445 349 2537 conscriptus
373 2445 420 2515 sit
444 2466 489 2514 oc
514 2448 608 2514 certe
635 2440 787 2514 annales
811 2448 894 2536 post
911 2446 1217 2517 canonisationem

37 2631 38 2646 ς
124 2559 772 2645 sanatiStanislaia.1254lactam
799 2565 833 2630 et
858 2565 940 2630 ante
966 2583 1098 2632 annum
1123 2563 1216 2637 1267

37 2655 39 2724 ῗ
125 2682 279 2765 confecti
303 2681 383 2771 sint,
411 2701 517 2773 picum
542 2679 663 2772 prima
688 2700 818 2750 mouns
847 2699 907 2749 eos
931 2699 1041 2771 usquc
1060 2678 1110 2749 act
1126 2678 1220 2752 bunc

37 2799 38 2808 ’
126 2820 260 2870 annum
279 2799 496 2890 exaraverit,
516 2797 591 2868 alia
609 2797 644 2868 in
663 2795 730 2868 boc
748 2797 825 2891 ipso
845 2817 941 2864 (cuno
960 2818 1039 2866 earn
1055 2799 1218 2892 eceipiat.

200 2915 366 2986 Proxime
394 2912 445 2984 ad
467 2911 534 2986 bos
550 2912 706 2986 Annales
724 2911 871 3008 capituli
889 2913 1138 2988 Crotoniensis
1159 2941 1218 2988 aa·

126 3034 255 3106 cedunt
284 3033 405 3102 breues
436 3030 486 3103 illi
517 3033 668 3105 annales
698 3057 787 3129 quos
818 3030 1015 3104 Annales
1048 3035 1217 3133 Cracc-

128 3153 303 3223 aienses
329 3155 530 3222 uetustos
555 3153 828 3222 nominavimus.
881 3151 960 3222 lam
993 3175 1089 3224 anno
1122 3154 1216 3226 1122

125 3270 247 3362 scripti
260 3271 353 3360 sunt,
371 3269 423 3338 ila
438 3266 578 3360 quictem
592 3275 631 3340 ut
644 3291 753 3363 usque
768 3269 818 3340 cccl
832 3291 965 3340 annum
984 3273 1080 3344 1119
1094 3293 1217 3344 corum

128 3386 379 3458 adnotationes
405 3385 550 3476 saepius
574 3384 786 3456 adverbum
806 3409 884 3456 enum
903 3384 1101 3460 Annalibus
1118 3392 1216 3484 eapi-

38 3493 39 3508 ’
128 3504 189 3576 luli
216 3500 451 3596 concordent,
487 3523 705 3597 quamquam
732 3501 823 3574 leves
852 3502 1073 3578 diversitates
1100 3506 1156 3580 vel
1180 3509 1216 3581 in

130 3644 304 3694 annorum
329 3621 485 3692 auoceris
511 3619 565 3692 uel
587 3622 622 3690 in
646 3620 753 3693 ruodo
777 3621 885 3694 uerba
905 3624 1140 3717 componendi
1157 3649 1215 3698 oc·

39 3789 40 3808 ,
128 3745 285 3812 currant.
337 3736 482 3810 Accedit
509 3738 605 3833 quod
631 3739 786 3832 plurium
820 3760 996 3812 annorum
1024 3741 1216 3816 relationes

129 3857 252 3930 desunt
262 3854 460 3928 Annalibus
477 3856 634 3950 capituli.
668 3855 833 3930 Attamen
850 3865 1008 3931 statuere
1024 3870 1215 3954 possumus

128 3974 280 4048 Annales
296 3975 363 4047 lios
380 3980 535 4047 vetustos
553 3975 660 4046 etiam
680 3998 723 4046 ea
741 3975 936 4070 eucnrplari
952 3977 1011 4050 illo
1031 3979 1214 4075 deperdito

128 4115 197 4166 esse
216 4093 408 4166 derivatos.
443 4091 627 4185 Attonitas,
647 4099 681 4164 et
697 4096 733 4165 in
751 4093 946 4168 Annalibus
964 4099 1112 4194 capitali
1129 4107 1164 4172 et
1179 4101 1215 4172 in

940 4211 960 4254 ’lt
