3060 4828
472 691 723 778 ANNALES
754 691 1171 778 KAMENZENSES.

277 852 403 960 Hunc
419 911 520 984 quem
542 886 832 961 Wottrnbnctrius
843 889 982 981 primus
997 881 1126 960 deterit
1142 891 1288 984 fontem,
1308 912 1375 961 nos

274 989 465 1063 collatione
482 991 643 1062 instituta
662 991 788 1060 iterum
802 987 992 1060 tectoribus
1002 991 1252 1083 proponimus.
1285 991 1375 1063 Con-

274 1092 362 1162 tinet
384 1095 503 1164 autern
529 1089 635 1161 hosce
666 1087 818 1160 annates
847 1087 962 1160 codor
992 1088 1222 1164 bibliothecae
1252 1091 1374 1185 repiae

281 1189 581 1263 Wratislauiensis
609 1187 679 1282 (Cl.
698 1187 753 1260 lV.
779 1187 853 1258 Fol.
873 1188 979 1283 216),
1012 1189 1072 1260 uti
1096 1191 1132 1260 in
1158 1189 1272 1262 ultimi
1295 1189 1375 1275 tatii

275 1289 482 1384 necrotopio
493 1289 730 1362 Kamenzcnsi
746 1287 891 1360 saecuto
906 1288 942 1360 X
945 1287 978 1360 V.
998 1290 1156 1361 instituto
1175 1289 1305 1362 artueei
1322 1292 1374 1361 in·

273 1392 514 1485 terioriparte
526 1390 690 1485 tepuntur
699 1389 835 1461 saecuti
847 1388 940 1460 XIII.
955 1391 1107 1462 ineuntis
1118 1413 1230 1462 mann
1241 1391 1373 1484 scripti.

277 1490 393 1578 θιιιιιη
419 1493 511 1562 enim
535 1490 590 1562 die
608 1491 666 1564 25.
686 1491 816 1560 mensis
833 1489 925 1560 Iunii
943 1513 978 1560 a.
1000 1493 1097 1564 1405
1115 1493 1374 1563 monasterium

274 1589 435 1662 Kameuz
448 1593 543 1661 mira
557 1588 717 1684 peractam
733 1611 912 1682 aquarum
925 1587 1158 1661 inundatione
1172 1597 1372 1685 arperetur,

275 1689 457 1761 undarum
484 1691 535 1761 uis
559 1695 594 1760 et
611 1687 807 1782 capsellam
826 1687 998 1760 lituorum
1015 1689 1172 1782 intrauit,
1199 1696 1235 1759 et
1250 1711 1373 1761 necro-

274 1789 408 1883 lopiurn
428 1791 611 1886 antiquum
631 1788 736 1860 vaide
755 1787 904 1860 deletum
924 1793 986 1881 est,
1013 1790 1064 1860 ita
1083 1795 1124 1860 ut
1135 1792 1252 1875 trater
1264 1789 1373 1861 Hein-

275 1891 371 1961 ricus
386 1889 429 1960 de
440 1887 717 1962 Sctrmatkatdrn
732 1891 1000 1984 sequentianno
1014 1911 1143 1961 nouum
1156 1895 1375 1983 procuraret

274 1989 403 2061 tibrum
429 1991 586 2074 fratrum
615 1994 851 2080 mortuorum,
879 2011 1041 2084 novoque
1067 1987 1157 2062 libro
1181 2013 1249 2083 pro
1277 1996 1374 2086 tepu-

275 2091 367 2162 mine
394 2088 544 2161 adderet
566 2087 691 2174 solium
716 2094 890 2182 nostrum,
917 2090 992 2161 sine
1011 2087 1117 2161 dubio
1136 2090 1297 2161 ultimum
1317 2114 1373 2162 oe·

275 2191 446 2284 tartaris,
474 2213 580 2285 quum
600 2191 759 2282 nomina,
788 2212 879 2284 quae
904 2190 940 2258 in
969 2191 1042 2260 eius
1067 2191 1246 2282 superiori
1266 2195 1373 2284 parte

275 2295 479 2380 occurrunt,
507 2293 578 2360 siat
593 2291 751 2374 fratrum
771 2289 981 2360 monasterii
997 2288 1100 2360 iltius.

376 2386 540 2460 Attamen
559 2386 715 2460 Annales
733 2391 767 2459 in
788 2390 1006 2460 monasterio
1025 2388 1182 2462 Kourenz
1199 2390 1373 2486 oripinem

276 2509 349 2561 non
366 2495 603 2582 sumpserunt,
622 2486 687 2561 sed
705 2489 839 2583 :ratpoti
857 2494 964 2560 erant
974 2512 1042 2583 per
1060 2487 1238 2583 Sturium,
1265 2513 1373 2584 quum

258 2590 351 2660 liam
370 2586 525 2660 Annales
545 2590 824 2661 cisterciensium
849 2591 885 2660 in
904 2588 1129 2662 Heinrichoru
1156 2589 1225 2686 (Μ.
1246 2589 1285 2662 G.
1307 2588 1374 2662 SS.

277 2683 368 2761 XIX.
383 2712 420 2783 p.
440 2690 535 2786 544)
561 2695 594 2760 et
612 2689 811 2761 Cimonicon
834 2691 1034 2783 principum
1052 2688 1226 2761 Potoniae
1238 2688 1375 2785 ·(npud

278 2787 418 2861 Stenzet
429 2791 456 2861 1.
472 2793 517 2875 ct.
527 2813 565 2884 p.
581 2793 639 2862 47.
655 2790 713 2862 53.
729 2793 787 2864 56.
801 2792 859 2860 71.
871 2788 941 2884 92)
957 2812 1019 2860 eos
1034 2795 1208 2861 verterent
1221 2791 1256 2860 in
1270 2811 1374 2862 usum

138 2891 144 2904 '
277 2911 392 2982 suuni,
419 2895 455 2960 et
475 2891 590 2960 nostri
614 2890 843 2981 inscriptione
866 2911 936 2958 sua
954 2890 1025 2982 ipsi
1038 2888 1203 2982 indicent,
1230 2911 1268 2961 se
1286 2889 1375 2961 torr-

276 2989 364 3060 sissc
383 3011 427 3059 ca
445 2989 597 3059 cronicis
615 2987 844 3058 Potonorum.
877 2987 976 3059 Certe
990 2986 1146 3061 Annales
1161 2990 1375 3063 Cracooien-

276 3111 334 3160 ses
352 3093 435 3160 suat
450 3112 518 3181 pro
537 3086 604 3158 troc
621 3089 719 3172 fonte
738 3085 963 3182 intettipendi,
990 3090 1148 3172 fortasse
1172 3112 1294 3161 eorum
1314 3111 1374 3160 co-

279 3187 347 3258 dca
372 3189 431 3282 qui
457 3190 492 3259 in
510 3183 707 3258 Annalibus
726 3187 982 3258 [catinensibus
1007 3189 1204 3282 exscriptus
1230 3195 1292 3279 est,
1319 3189 1377 3260 cui

279 3293 408 3358 auctor
436 3286 579 3358 addidit
601 3288 978 3377 commemorationes,
1016 3308 1108 3382 quae
1137 3293 1171 3362 et
1193 3291 1228 3360 in
1255 3289 1376 3360 Annu-

278 3386 368 3460 iibus
396 3388 691 3460 Cracomensibus
715 3387 917 3481 conrpitatis
943 3394 978 3459 et
1000 3390 1035 3461 in
1054 3390 1164 3461 uariis
1182 3388 1374 3462 Annatiurn

278 3486 496 3559 Potonorum
523 3485 790 3560 reductionibus
817 3487 989 3583 tepuntur.
1044 3489 1278 3582 Compitotori
1302 3489 1374 3561 Ka-

278 3589 455 3658 menzensi
469 3593 660 3680 praeterea
676 3589 754 3659 noti
772 3595 876 3659 erant
895 3587 1057 3681 annates,
1080 3591 1139 3684 qui
1156 3612 1236 3660 curn
1254 3587 1374 3661 Auno-

278 3685 369 3758 tibus
386 3687 569 3759 Sitesiacis
587 3688 789 3781 compilatis
807 3687 967 3782 quartam
986 3689 1164 3760 coniuncti
1189 3695 1294 3760 erant
1319 3691 1374 3774 af-

277 3789 432 3880 finitate,
467 3809 559 3882 quae
589 3789 761 3861 sententia
793 3811 834 3859 eo
866 3792 1118 3881 confirmatur,
1159 3789 1256 3884 quod
1286 3796 1372 3860 nota

278 3887 492 3980 marpinatis
518 3886 561 3960 de
586 3887 767 3983 Syloestro
789 3911 891 3982 papa
917 3887 1072 3982 dyabolo
1091 3888 1297 3982 homapium
1315 3891 1373 3974 fa-

277 3987 388 4058 ciente
406 4011 449 4059 ea
466 3987 623 4060 uberiori
640 4012 762 4061 eorum
781 3988 954 4061 relatione
973 3987 1159 4081 desunrpta
1178 3991 1233 4060 sit.

352 4083 487 4160 Auctor
500 4094 621 4160 noster
631 4095 744 4161 artem
755 4090 915 4160 criticam
925 4111 1077 4182 prorsus
1088 4087 1248 4183 nepteeit
1264 4090 1372 4161 immo
