3060 4828
260 291 476 368 Annaeus
503 291 720 370 CAPITULI
744 293 1097 372 crncovtunsts
1184 299 1230 374 21

135 502 417 589 remanserant
436 503 477 568 ut
503 517 590 568 cum
609 494 811 570 retroversi
838 493 1002 570 infinitas
1021 496 1235 595 phalanges

134 595 271 712 prefati
289 593 449 670 Romani
477 594 607 668 dolose
627 605 666 670 et
681 595 938 668 fraudulenter
956 596 1141 672 excidium
1167 598 1235 670 Po·

134 697 235 774 lonie
250 695 486 795 procurantis
506 693 637 768 audaci
657 696 1117 794 congressuimpeterent
1134 721 1233 770 unus

135 797 239 874 mille
258 806 297 870 et
314 799 387 871 duo
406 798 538 870 decem
558 794 660 870 milia
678 797 915 893 fugaverunt.
946 797 1106 894 Insuper
1130 798 1234 870 cedis

137 898 382 976 valitudinem
400 894 605 968 inauditam
624 896 695 968 fuit
719 906 927 993 protestata
964 905 1003 970 et
1038 899 1232 970 exundans

138 998 283 1074 cruoris
308 995 443 1070 effusio
463 997 500 1069 in
518 993 674 1068 flumine
691 996 820 1070 Wizla.
855 997 960 1069 Tunc
978 999 1077 1070 unda
1096 996 1233 1071 ibidem

138 1099 265 1174 nativo
285 1097 411 1171 colore
430 1095 467 1167 in
486 1099 637 1169 rubrum
659 1107 914 1170 commutante
934 1107 973 1170 et
989 1097 1233 1171 innumerosa

139 1204 365 1276 cadaverum
386 1196 524 1272 ibidem
538 1195 576 1268 in
591 1196 816 1270 Polonorum
839 1195 979 1270 victrici
999 1200 1152 1272 dextera
1172 1223 1233 1271 ca-

139 1299 313 1376 dencium
337 1297 544 1370 multitudo.
629 1379 645 1404 ⁰

142 1453 146 1460 -
218 1401 324 1476 1207.
349 1399 460 1471 Fulco
481 1396 682 1496 episcopus
703 1397 966 1472 Cracoviensis
990 1397 1088 1472 obiit.
1244 1424 1346 1480 Sentit.

219 1502 325 1574 1208
345 1497 584 1574 Wincencius
602 1499 781 1570 canonice
801 1498 957 1594 electus,
975 1523 997 1571 a
1016 1499 1234 1597 papulnno

141 1599 270 1674 cencio
287 1597 529 1672 confirmatus
550 1608 587 1672 et
602 1621 670 1695 per
684 1597 887 1670 Henricum
907 1599 1235 1698 archiepiscopum

138 1700 177 1774 in
198 1701 419 1799 episcopum
439 1698 730 1776 cracoviensem
751 1712 994 1773 consecratus
1019 1709 1088 1774 est.

218 1803 326 1875 1211.
345 1802 472 1873 Mesco
492 1803 566 1873 dux
585 1798 773 1873 Ratiborie
788 1800 890 1896 obiit
909 1800 1117 1875 Kazimirus
1135 1799 1297 1881 filiusrn·
1310 1835 1346 1884 n.

142 1924 234 1976 suus
253 1900 431 1974 succedit.

220 2003 326 2077 1215.
346 2001 465 2074 Rome
484 2002 624 2074 factum
647 2008 707 2071 est
725 1999 922 2072 concilium
942 2010 1113 2099 tempore
1127 2001 1236 2076 lnn0·,

144 2100 263 2174 cencii
281 2100 342 2174 111.

220 2203 327 2275 1216.
354 2199 600 2274 Innocencius
627 2224 725 2298 papa
750 2200 938 2298 predictus
959 2199 1056 2274 obiit.
1254 2226 1346 2274 mro.

219 2303 326 2376 1217.
354 2299 565 2374 Christinus
597 2300 784 2399 palatinus
819 2301 1087 2396 Matoviensis,
1123 2300 1233 2375 miles

141 2400 456 2475 strennuissimus
474 2410 653 2498 precepto
669 2401 773 2474 ducis
790 2402 950 2476 Conradi
970 2410 1134 2518 cecatpn
1153 2412 1234 2474 tan·

140 2504 226 2575 dem
245 2500 431 2574 violenter
448 2501 647 2598 iugulatur.
680 2502 725 2573 Et
744 2501 829 2598 quia
850 2526 998 2575 summa
1018 2503 1110 2600 petit
1128 2502 1235 2616 livor,

141 2602 227 2701 quia
253 2601 374 2674 eciam
402 2625 486 2674 cum
514 2600 614 2674 male
642 2611 849 2696 queruntur
875 2624 1079 2714 prospera
1106 2603 1235 2700 sepius

45 2761 50 2772 .
140 2705 301 2776 adversa
316 2704 535 2795 succedunt
561 2698 633 2774 flos
650 2699 787 2772 milicie
797 2700 1045 2774 Mazovrensrs
1064 2725 1236 2776 marcore

138 2802 336 2876 lividorum
357 2801 490 2876 cecidit
509 2811 546 2874 et
564 2811 695 2874 murus
720 2799 840 2874 tocius
861 2811 919 2876 est
943 2801 1110 2874 Mazovie
1129 2801 1236 2875 dissi-

139 2913 266 3001 patae,
291 2903 493 3000 totalisque
521 2912 621 2974 terra
649 2901 815 2974 Mazovia
839 2901 938 2976 lacte
965 2911 1003 2975 et
1027 2901 1140 2974 melle
1159 2925 1237 2974 ma·

139 3027 251 3098 nane,
277 3013 364 3076 tunc
383 3002 547 3075 maxime
566 3001 643 3075 mel
660 3001 944 3094 inabsinthium
966 3012 1002 3075 et
1019 3002 1078 3076 iac
1097 3002 1238 3100 incepit

140 3103 177 3176 in
197 3105 358 3176 adversa
378 3102 503 3175 nubila
524 3111 770 3176 commutare.

217 3206 324 3278 1218.
356 3203 596 3276 Wincencius
621 3202 822 3300 episcopus
838 3201 1100 3278 Cracoviensis
1129 3202 1235 3277 cedit.

139 3302 204 3374 lvo
223 3302 389 3374 succedit
406 3313 521 3400 etper
536 3302 738 3376 Henricum
758 3302 1085 3401 archiepiscopum
1112 3301 1148 3374 in
1160 3302 1236 3399 epi-

140 3423 299 3499 scopum
319 3402 611 3474 cracoviensem
632 3412 884 3474 consecratur.
1222 3396 1223 3400 ’

219 3502 326 3575 1219.
346 3499 529 3572 Heuricus
550 3500 858 3598 archiepiscopus
877 3500 975 3574 obiit.
1245 3532 1298 3578 121.
1309 3531 1346 3578 n.

219 3602 326 3676 1221.
351 3601 388 3673 in
408 3601 571 3675 Prudnik
589 3601 776 3699 hospitale
795 3605 842 3674 de
861 3610 992 3675 sancto
1011 3599 1143 3697 spiritu
1168 3625 1237 3699 per

138 3701 295 3776 lvonem
310 3701 531 3800 episcopum
550 3705 597 3774 de
616 3707 805 3774 consensit
819 3700 969 3799 capituli
988 3700 1235 3774 constituitur.

219 3801 326 3875 1222.
362 3825 430 3899 per
459 3803 621 3874 eundem
651 3802 805 3875 lvonem
841 3805 930 3874 ordo
955 3801 1235 3874 Predicatorum

139 3902 186 3974 ad
205 3899 383 3974 Sanctam
400 3900 618 3976 Trinitatem
638 3901 863 3998 decivitate,
883 3901 974 3974 etin
993 3900 1131 3974 Kacich
1144 3903 1236 3976 ordo

139 3999 403 4075 cisterciensis
423 3999 610 4074 statuitur.
1008 4055 1010 4059 .

216 4102 322 4176 1223.
353 4100 594 4175 Wincencius
627 4100 831 4198 episcopus
855 4099 1118 4177 cracoviensis
1145 4100 1235 4176 obiit
