3060 4828
419 361 633 437 Annaeus
662 359 967 436 POLONORUM.
1199 363 1248 435 49

200 565 271 638 Ec
282 563 495 638 codicibus‘o‘
512 566 599 636 et3a
607 566 765 657 primam
777 561 967 634 Annalium
979 567 1120 654 portem
1135 583 1247 656 usque

150 667 201 738 od
227 690 261 737 a.
285 665 380 738 1023
406 667 480 735 iam
500 665 664 735 ediderat
686 687 717 735 v.
742 662 776 734 d.
802 661 984 755 depastus
1003 661 1191 734 Bieiotostn'
1208 663 1244 732 ia

148 758 344 860 appendice
362 765 444 835 tori
456 766 513 836 sui
521 819 543 858 7,
553 765 669 860 Wstep
682 763 875 854 lcrptycznp
893 761 940 833 do
957 762 1100 848 dziejoeo
1113 760 1244 854 Potrici,

148 867 354 938 weLroowie
375 865 509 956 1850‘2
528 866 639 958 iisque
659 863 824 934 odierneit
836 860 1011 932 eacodice
1026 864 1047 934 2
1056 868 1246 953 pentesre·

149 965 373 1060 spondentes.
395 1005 440 1016 -
459 965 534 1036 Nos
546 966 654 1056 primi
672 962 833 1034 dedimus
851 964 885 1032 in
906 961 1141 1032 Monumentis
1159 964 1244 1032 inte·

147 1089 236 1160 pros
258 1064 421 1157 annates,
440 1063 578 1136 mendis
593 1068 783 1158 perpetus,
812 1061 1044 1156 chronoiopin
1071 1061 1183 1132 ubiuis
1208 1062 1244 1132 in

149 1167 313 1258 mmpine
333 1163 524 1257 adnotatu,
544 1162 610 1234 sed
621 1162 689 1234 hoc
709 1161 787 1233 ioco
804 1167 941 1233 tontum
959 1163 1244 1257 erationissimom

149 1269 308 1350 formam
334 1261 513 1358 (Ananias
531 1263 750 1335 Potonorum
769 1261 819 1356 Ι.)
844 1260 1029 1334 simuicum
1057 1265 1242 1333 continuo·

151 1365 304 1436 tionibus
323 1371 480 1456 repetere
498 1363 613 1434 licent.

222 1634 464 1732 Incipiunt
508 1633 705 1706 annales
738 1657 759 1704 a
800 1632 945 1728 primo
973 1631 1246 1731 christiano¹

148 1739 264 1808 ‹lttce
297 1735 553 1807 Meschone
587 1733 868 1807 Polonorum
902 1743 947 1804 et
978 1757 1130 1805 uxore
1159 1757 1242 1807 sua

148 1837 333 1918 famosa
372 1834 564 1906 nomine
603 1835 853 1907 Dobrawca
889 1833 1164 1906 christiana.

219 1973 327 2042 Anno
347 1969 495 2042 Domini
515 1971 599 2045 965.
626 1968 966 2042 excellentissimus
990 1972 1062 2041 dux
1087 1970 1242 2042 Mescho

147 2072 537 2168 accepitDobrovcam
555 2069 623 2142 sibi
643 2070 678 2141 iu
690 2094 860 2166 uxorem,
880 2069 1122 2141 christianam
1142 2071 1242 2143 vide-

145 2172 234 2244 licet
251 2175 297 2244 de
317 2171 513 2266 Bohemia‚
541 2171 601 2266 qui
627 2176 736 2244 ambo
756 2169 948 2242 christiani
976 2169 1213 2243 fidelissimi
1204 2196 1241 2242 m

147 2272 298 2345 Paionia
320 2271 594 2344 efficiunturt
556 2281 594 2342 et
612 2295 745 2343 omnes
763 2271 891 2343 Poloni
910 2271 1162 2368 baptizantur
1182 2295 1244 2343 ec·

146 2374 261 2446 clesie
298 2383 337 2444 et
363 2373 526 2444 claustra
534 2372 826 2470 episcopatus7
853 2367 1090 2469 prepositure
1118 2372 1242 2470 alique

144 2497 215 2570 pel
243 2474 362 2571 ipsos,
395 2497 467 2570 que
491 2483 580 2544 tunc
598 2471 678 2545 fieri
705 2497 753 2570 po
757 2483 879 2544 imant
907 2483 1174 2545 construuntur
1205 2483 1243 2546 et

145 2578 330 2646 dotantur.
364 2573 436 2660 Qui
458 2597 547 2644 vero
573 2573 728 2646 Mescho
753 2579 774 2644 7
795 2575 903 2644 annis
923 2598 944 2644 a
964 2573 1156 2646 nativitate
1183 2597 1242 2646 ce-

147 2699 214 2746 cus
233 2674 313 2768 fuit,
333 2672 428 2744 utin
448 2673 609 2746 cronicis
624 2673 824 2770 premissis
839 2673 1008 2744 habetur.

208 2778 292 2849 967.
308 2773 529 2846 Bolezlavus
540 2775 715 2871 Magnus,
731 2773 791 2870 qui
803 2773 958 2847 Chrobsi
971 2772 1115 2867 dicitur,
1130 2782 1242 2844 natus

69 2887 72 2892 '
145 2883 214 2947 est.
246 2875 319 2948 Iste
334 2875 527 2947 Bohemos
548 2886 585 2946 et
599 2875 773 2971 Ungaros
793 2873 1006 2970 subiugavit
1021 2883 1057 2944 et
1071 2871 1242 2945 Saxones

144 2975 324 3069 edomuit,
344 2975 436 3046 etin
455 2974 611 3047 flumine
629 2975 766 3048 Solave
786 2985 887 3046 meta
911 2975 1034 3046 ferrea
1058 2973 1154 3046 fines
1175 2974 1247 3058 Poe

143 3074 478 3147 lonieterminavit
504 3076 579 3148 Iste
596 3087 769 3148 sanctum
779 3075 1021 3148 Adalhertum
1035 3073 1242 3148 honorifice

145 3176 315 3272 suscepit
334 3176 427 3248 etin
452 3176 671 3248 Gnezdnam
698 3176 904 3248 collocavit

220 3279 304 3348 970.
335 3277 540 3348 Prohortus
568 3275 714 3374 primus
742 3277 943 3372 episcopus
972 3275 1152 3350 Cracovie
1183 3298 1241 3346 or·

144 3371 303 3446 dinatur

221 3475 304 3546 974.
326 3471 487 3544 ecclesia
506 3473 709 3570 Pragensis
740 3473 859 3586 primo
881 3474 980 3572 cepit
1006 3455 1146 3548 hahere
1167 3474 1244 3572 epi·

144 3596 303 3668 scopum
351 3551 599 3646 Dethmarurh
649 3574 818 3668 nomine,
869 3599 914 3647 ex
964 3575 1242 3648 ammonicione

143 3675 351 3746 Dobravce

159 3841 160 3845 ,
211 3776 294 3848 989.
312 3784 464 3845 sanctus
478 3776 654 3849 Actalhert
640 3786 700 3848 tus
713 3785 958 3848 consecratur
967 3776 1003 3848 in
1019 3798 1241 3874 episcopum
1251 3799 1315 3856 983.

141 3874 389 3988 Ppageusem.
429 3874 566 3947 Postea
593 3877 788 3948 revelante
815 3878 895 3948 Deo
922 3877 1154 3949 Pannoniam
1185 3875 1352 3949 re·¹¹¹¹¹·²⁹·

141 3973 264 4071 diens,
291 3975 449 4047 veniens
470 3975 632 4074 primum
662 4001 792 4073 regem
811 3977 1048 4074 Ungarorum
1068 3987 1241 4051 sanctum

142 4070 378 4172 Stephanum
395 4100 479 4148 cum
499 4077 626 4150 multis
648 4077 730 4149 aliis
750 4077 960 4191 baptisavit
993 4081 1155 4154 Demum
1176 4103 1242 4176 per

86 4173 339 4271 Poloniam
367 4178 556 4251 transiens
584 4187 621 4251 et
649 4178 839 4252 eosdem
832 4203 867 4249 m
894 4179 967 4253 fide
1001 4178 1242 4274 conmmans,

969 4286 991 4354 4

80 4250 94 4465 i

81 4505 94 4679 i

85 4681 120 4792 a
