3040 4856
379 368 594 444 ANNALES
621 367 997 444 MECHOVlENSES.
1164 367 1235 444 105

218 571 325 644 Anno
344 568 494 642 Domini
518 571 623 642 1400.
650 567 809 640 llllichael
828 567 1041 665 prepositus
1062 569 1152 642 emit
1170 594 1239 668 pro

147 673 219 744 170
237 671 372 743 mareis
399 669 437 740 in
463 667 773 741 Podlesna·Wola
806 667 1024 742 scolteciam
1053 693 1138 742 oum
1166 669 1239 741 alia

145 781 251 868 parte
270 769 489 842 hereditatis
508 771 608 866 apud
623 767 846 865 Spitkonem
861 778 899 840 et
913 769 1157 866 Petrassium,
1176 769 1240 842 ibi·

146 875 231 942 dem
251 871 444 942 heredes·

219 972 327 1042 Anno
342 967 491 1040 Domini
515 968 621 1041 1399.
649 990 713 1038 rex
740 965 1017 1062 Sygismundus
1049 968 1240 1066 Hungarie

144 1069 307 1142 restituit
325 1069 432 1142 nobis
445 1067 600 1158 Landek
613 1068 748 1137 domus
763 1091 835 1162 que
851 1077 932 1138 erat
946 1089 1137 1166 persuum
1154 1094 1242 1142 uxo-

146 1194 228 1242 rem
263 1169 419 1241 Mariam
456 1163 617 1239 alienata
653 1191 789 1238 novem
826 1167 948 1263 anniS,
987 1171 1052 1240 sed
1079 1171 1240 1240 domnus

145 1270 306 1341 Michael
320 1269 535 1365 prepositus
551 1264 750 1339 difficulter
764 1269 861 1363 apud
878 1290 1007 1363 regem
1022 1292 1089 1366 pro
1105 1272 1239 1342 eadem
1338 1332 1342 1339 .

146 1373 257 1442 domu
275 1368 467 1441 laboravit.

220 1470 327 1540 Anno
339 1467 487 1540 Domini
501 1469 608 1541 1309.
629 1464 876 1538 serenissima
894 1465 1083 1564 princeps
1102 1470 1238 1541 domna

146 1567 335 1665 Hedwigis
363 1567 494 1664 regina
522 1565 699 1638 Poloniae
729 1565 818 1638 obiit
842 1564 879 1635 in
898 1567 957 1638 die
984 1568 1082 1640 beati
1107 1568 1293 1641 Allexiitut
1314 1579 1350 1628 1⁷·

147 1667 388 1742 confessori.
472 1667 614 1740 Eodem
647 1689 745 1737 anno
773 1665 939 1739 Vitoldus
967 1668 1144 1766 princeps
1169 1667 1242 1740 Lit-

146 1768 265 1842 wanie
293 1693 624 1946 lecQum
654 1790 835 1862 magnum
861 1790 946 1840 curn
971 1769 1177 1865 lumbaris,
1204 1770 1242 1840 in

148 1893 221 1966 quo
258 1865 430 1940 conllictu
449 1893 486 1938 n.
562 1875 668 1938 ectus
687 1866 756 1936 luit
774 1867 933 1940 multum
953 1877 1155 1941 strennuus
1176 1869 1244 1940 mi-

146 1970 204 2042 les
223 1971 384 2040 domnus
404 1966 548 2063 spitko,
568 1965 751 2062 palatinus
768 1966 1030 2040 Cracoviensis
1056 1992 1140 2042 cum
1160 1967 1243 2042 aliis

147 2068 276 2140 multis
295 2066 495 2141 baronibus
516 2063 727 2162 ceterisque
751 2067 859 2161 regni
880 2067 1032 2139 Polonie
1059 2069 1243 2142 nobilibus

151 2179 189 2240 et
207 2167 288 2240 aliis
303 2165 634 2238 innumerabilibus
649 2168 694 2237 de
709 2165 900 2260 Litwania‚
916 2167 1066 2240 Prussia
1082 2179 1120 2240 et
1132 2170 1159 2242 F
1160 2194 1244 2242 ran·

149 2269 205 2342 cia
225 2271 269 2340 ad
291 2271 452 2340 eundern
473 2263 688 2338 conflictum
707 2265 959 2362 congregatis.

223 2365 487 2440 AnnoDomini
501 2369 608 2440 1401.
625 2389 690 2437 rex
708 2364 973 2461 sigismundus
990 2367 1154 2464 Ungarie
1175 2369 1352 2445 luituras.

150 2491 172 2538 a
191 2467 270 2540 suis
299 2466 502 2563 regnicolis
529 2465 713 2539 nobilibus
741 2468 916 2539 detentus
936 2491 1003 2540 seu
1020 2468 1244 2566 captivatus,

150 2570 197 2639 de
216 2589 290 2662 qua
317 2564 530 2660 captivitate
555 2565 685 2659 fugam
713 2565 823 2636 dedit.
903 2568 1043 2638 Eodem
1071 2579 1244 2666 tempore

150 2670 310 2740 domnus
345 2663 584 2758 Procossius,
609 2664 723 2735 lieres
757 2665 804 2735 de
831 2663 976 2759 Balicz,
1004 2670 1050 2739 ab
1084 2669 1244 2765 Ungaris

150 2766 344 2839 decolatus
365 2764 477 2838 estin
496 2766 656 2860 quadam
677 2773 805 2859 strage
825 2765 922 2836 facta
949 2775 986 2836 et
1012 2766 1073 2838 alii
1101 2769 1244 2842 nobiles

150 2865 303 2939 Polonie
329 2864 444 2938 occisi
463 2864 612 2936 luerunt
631 2873 668 2935 et
686 2863 836 2960 quidam
862 2864 1012 2937 luerunt
1037 2865 1074 2938 in
1095 2869 1246 2964 captivi·
1299 2926 1303 2934 .

150 2977 267 3039 tatem
286 2964 440 3061 recepti.
478 3049 483 3058 ι

226 3067 332 3137 Anno
367 3063 515 3137 Domini
551 3065 658 3136 1101.
695 3065 856 3135 domnus
891 3064 1050 3138 Michael
1077 3067 1246 3165 preposi-

150 3176 210 3238 tus
237 3169 389 3238 domum
416 3163 603 3261 lapideam
629 3163 809 3256 muravit‚
836 3163 873 3235 in
901 3189 973 3260 qua
992 3169 1103 3238 domo
1122 3169 1247 3266 dispo·

151 3266 227 3337 suit
245 3265 501 3338 habitaciones
520 3263 557 3335 in
573 3273 678 3359 parte
692 3262 858 3334 inferiori
873 3273 910 3335 et
930 3265 1127 3362 superiori,
1145 3267 1246 3342 intus

150 3362 528 3436 fecitbabitacionem
547 3361 735 3455 yemalem
755 3373 792 3434 et
810 3363 986 3460 superius
1005 3367 1190 3461 palacium
1210 3379 1248 3441 et

154 3463 364 3537 cubiculum
384 3461 553 3557 estivale,
581 3485 653 3557 que
674 3464 809 3534 domus
828 3463 897 3534 fuit
915 3477 1135 3540 consumata
1154 3469 1248 3541 feria

151 3574 283 3662 quarta
301 3561 435 3636 Felicis
461 3571 501 3634 et
515 3561 671 3634 Adaucti
699 3561 893 3634 martirum
919 3566 1127 3642 beatorum.
1177 3570 1356 3652 llo-rugae.

153 3667 239 3737 dem
260 3663 380 3736 eciam
405 3686 504 3734 anno
525 3662 710 3759 capellam
728 3665 861 3735 subtus
880 3666 1039 3761 gradum
1059 3670 1181 3740 eundo
1201 3672 1247 3742 ad

153 3763 394 3838 relectorium
413 3761 607 3834 ordinavit.

227 3866 335 3936 Anno
354 3861 502 3935 Domini
534 3865 640 3936 1401.
666 3864 825 3935 domnus
848 3862 1008 3938 Michael
1032 3867 1246 3964 prepositus

152 3962 431 4037 lllechoviensis
451 3961 578 4034 villam
596 3962 814 4036 monasterii
833 3965 951 4036 nostri
969 3966 1247 4042 Mechoviensis

153 4064 291 4136 dictam
309 4064 458 4140 Slawno
477 4062 804 4160 prope-civitatem
823 4064 966 4138 Radom
980 4123 982 4127 v
997 4090 1081 4139 oum
1109 4093 1248 4143 novem

155 4163 252 4237 villis
272 4162 622 4239 circumiacentibus
649 4163 840 4263 limitavit,
874 4166 1063 4264 granicies
1089 4179 1127 4243 et
1150 4171 1248 4244 altos
