3040 4856
257 325 305 395 78
357 317 541 412 CONTIN.
565 317 731 390 ANNAL.
755 316 1050 392 POLONORUM
1074 315 1166 392 lul*
1185 317 1242 392 lll.

168 519 370 593 narsitem
399 521 477 592 Deo
506 529 542 590 et
567 519 687 591 beffiis
714 518 913 592 Adalberto
948 529 986 592 et
1019 516 1207 592 Stauislao
1234 519 1353 590 sacris

144 618 495 718 septenpontificibus
515 630 552 691 et
570 619 782 692 martiribus
799 643 842 692 se
862 629 899 691 et
918 644 1007 692 suos
1023 622 1353 714 recommendans,

256 725 294 792 in
314 721 566 792 translacione
586 719 684 792 beati
703 720 878 792 Stanislai
900 743 983 792 cum
1003 721 1096 818 ipsis
1125 719 1290 792 ccnllixit
1317 729 1354 790 et

255 823 334 892 [leo
364 831 401 892 et
429 821 506 892 suis
536 820 677 892 sanctis
705 819 771 892 sibi
801 819 1067 894 adiuvantibusx
1096 830 1198 892 tauta
1225 821 1293 891 fuit
1315 819 1352 890 in

256 922 359 1018 ipsos
380 923 471 993 cede
491 921 720 993 debachatus
748 930 787 991 ut
805 923 853 994 20
880 921 980 992 milia
1006 924 1051 992 de
1077 921 1169 1018 ipsis
1190 931 1353 1017 prostra-

255 1021 387 1114 veritss,
416 1031 455 1092 ut
481 1019 644 1116 ipsemet
663 1045 729 1092 rex
747 1021 885 1092 fatetur
913 1033 950 1092 et
968 1045 1101 1094 omnes
1126 1021 1197 1092 alii.
1252 1023 1352 1092 luter

256 1145 350 1218 quos
379 1121 572 1218 quingenti
592 1121 746 1216 barbati,
775 1123 954 1217 nongenti
987 1121 1126 1217 galeati
1154 1145 1239 1192 cum
1269 1146 1352 1192 sex-

256 1221 425 1295 centibus
443 1222 610 1318 ipsorum
631 1221 833 1294 auxiliariis
852 1221 1080 1318 ceciderunt,
1105 1220 1352 1318 quadraginta

256 1332 294 1394 et
321 1345 365 1392 eo
395 1322 521 1418 plures
550 1323 688 1418 galeati
708 1322 906 1418 exquibus
932 1322 1044 1419 aliqui
1065 1322 1219 1416 barbati,
1239 1321 1351 1418 aliqui

256 1421 475 1519 stipendarii
500 1425 546 1494 de
573 1422 730 1494 remotis
756 1423 943 1518 partibuS,
980 1422 1091 1519 aliqui
1139 1421 1350 1516 Pomcrani,

255 1522 362 1594 Prusi
382 1532 420 1592 et
435 1533 569 1592 'eorum
589 1523 777 1618 terrigene
806 1523 951 1594 nobiles
979 1523 1087 1621 capti.
1130 1523 1230 1596 luter
1255 1547 1349 1619 quos

257 1622 405 1718 quidam
444 1621 577 1694 nobilis
622 1622 796 1720 princeps
837 1623 988 1696 nomine
1022 1624 1099 1695 Rus
1149 1623 1188 1694 iu
1221 1623 1349 1695 habitu

256 1747 402 1816 eorum,
430 1726 476 1795 ad
502 1747 613 1818 quem
633 1723 690 1796 vis
715 1732 791 1795 tota
818 1722 904 1795 belli
928 1723 1077 1796 etillius
1097 1723 1350 1822 expeditionis

255 1823 478 1920 pertinebat,
504 1822 574 1894 fuit
600 1833 731 1920 captus
766 1833 803 1894 et
835 1823 871 1894 in
905 1823 1138 1918 Cracoviam,
1165 1825 1211 1895 ad
1238 1848 1350 1921 quarn

256 1947 342 1994 cum
371 1922 535 1994 exercitu
560 1924 689 1995 venire
715 1926 932 2018 certabatur,
959 1926 1137 1995 deductus
1168 1933 1227 1996 est
1252 1934 1289 1994 et
1312 1925 1349 1994 in

150 2067 162 2086 ι
255 2023 413 2094 vinculis
433 2026 617 2095 detentus.
654 2026 745 2096 Acta
764 2034 852 2095 sunt
869 2025 942 2096 hec
961 2049 1059 2096 anno
1074 2023 1222 2096 Domini
1244 2027 1350 2098 1331.

255 2124 372 2220 lgitur
398 2134 439 2194 ut
471 2126 516 2194 ab
539 2124 712 2197 omnibus
742 2125 992 2196 communiter
1011 2124 1072 2221 qui
1101 2124 1219 2221 prelio
1237 2124 1350 2196 inter-

254 2225 407 2296 fuerunt
441 2222 668 2320 affirmatur,
696 2226 727 2296 si
756 2225 883 2320 plures
912 2228 957 2297 de
990 2225 1300 2297 Craccviensibus
1329 2250 1351 2296 a

255 2323 372 2420 prelio
392 2327 493 2395 etde
513 2325 629 2420 prelio
650 2348 725 2394 non
743 2325 905 2396 fuissent
924 2326 969 2396 de
988 2325 1135 2396 illorum
1161 2348 1279 2422 prope
1299 2329 1349 2398 40

255 2423 398 2495 milium
419 2447 622 2496 numerosa
649 2423 884 2496 multitudine
918 2425 1042 2497 nullus
1068 2424 1218 2524 penitus
1244 2425 1312 2496 auf
1335 2465 1349 2482 ·

255 2523 385 2620 gisset.
439 2523 540 2621 Sepe
559 2523 661 2596 enim
680 2525 799 2598 dictus
818 2525 1041 2598 Vincencius
1062 2537 1101 2598 ut
1118 2536 1236 2598 totam
1263 2549 1349 2596 con·

251 2625 436 2696 iecturam
463 2634 500 2696 et
531 2624 747 2722 opinionem
773 2625 941 2697 omnium
977 2626 1117 2698 fraudis
1146 2651 1258 2724 quam
1286 2649 1351 2723 pe·

254 2749 323 2796 nes
344 2749 430 2796 eum
448 2729 704 2822 autumabant,
720 2749 879 2798 necnon
900 2736 1072 2798 ettotam
1092 2726 1347 2824 suspicionem

253 2825 424 2920 tolleret,
449 2825 531 2922 ipse
559 2826 699 2900 bellum
728 2851 811 2899 cum
845 2825 923 2898 suis
957 2826 1160 2922 inchoavit,
1195 2827 1349 2911 viriliter
1455 2893 1458 2896 .

255 2925 436 3022 pugnavit
456 2935 595 2997 etcum
617 2926 767 2998 domiuo
786 2949 878 3022 rege
898 2936 934 2998 et
953 2926 1011 2998 sui
1031 2927 1138 3022 regni
1163 2927 1347 2999 nobilibus
1401 3011 1410 3024 ι

254 3024 399 3096 fortiter
425 3027 623 3098 decertans
655 3025 856 3100 victoriose
890 3027 1009 3122 glorie
1042 3028 1271 3126 triumphum
1302 3028 1368 3098 de—

254 3125 417 3197 barbatis
438 3135 476 3196 et
502 3148 633 3198 eorum
653 3127 854 3199 auxiliariis
879 3127 1037 3199 feliciter
1060 3125 1347 3225 representavit.

256 3225 480 3322 Ambiguum
513 3225 626 3322 igitur
658 3251 777 3324 penes
817 3229 955 3299 multos
991 3239 1061 3322 est,
1098 3232 1195 3321 quod
1225 3228 1345 3299 dictus

253 3324 476 3398 Vincencius
494 3336 638 3400 tautam
658 3329 826 3400 fraudem
848 3339 884 3400 et
897 3337 975 3399 tam
996 3329 1186 3400 crudelem
1202 3328 1347 3400 cladem

254 3449 322 3498 sue
342 3426 445 3522 genti
464 3426 599 3500 fuisset
618 3429 780 3522 molitus,
797 3452 881 3500 cum
901 3428 937 3499 in
957 3439 1035 3500 tam
1054 3432 1169 3501 arduo
1189 3426 1348 3524 negocio

255 3536 292 3598 et
316 3527 425 3598 valde
453 3529 670 3601 necessario
698 3529 849 3601 Polonie
875 3554 993 3625 regno
1022 3539 1167 3602 tantam
1187 3528 1347 3626 gloriam

253 3627 529 3724 inperpetuum
548 3630 763 3702 duraturam
780 3629 986 3726 acquisivit.
1015 3631 1093 3704 Nec
1116 3631 1188 3702 hoc
1207 3639 1349 3728 preter·

253 3730 416 3799 eundum
445 3739 504 3800 est
530 3729 636 3824 quasi
670 3754 744 3801 non
772 3733 818 3801 de
846 3729 991 3802 modico
1024 3730 1218 3826 miraculo,
1253 3730 1351 3826 quod

254 3852 338 3899 cum
358 3838 412 3900 tot
429 3831 476 3901 de
495 3828 567 3901 illis
587 3829 742 3926 ruerint,
768 3833 815 3902 de
835 3830 985 3903 Polonis
1004 3833 1240 3905 solummodo
1260 3833 1349 3902 duo·

254 3927 374 3998 decim
396 3927 539 4002 nobiles
559 3933 656 4002 etde
670 3929 903 4028 simplicibus
919 3955 1037 4029 prope
1061 3935 1111 4006 30
1123 3930 1191 4002 viri
1208 3930 1352 4002 cecide·
1404 3936 1407 3943 “

254 4037 353 4121 runt,
372 4039 412 4099 ut
429 4028 580 4127 limpide
599 4055 853 4127 agnoscamus
867 4033 986 4104 Deum
1008 4056 1093 4104 cum
1114 4032 1192 4105 suis
1209 4031 1352 4104 sanctis

255 4149 322 4226 pro
341 4128 433 4224 ipsis
448 4153 642 4226 pugnasse
660 4142 702 4203 ut
720 4131 755 4202 in
776 4132 866 4204 tanti
889 4133 1044 4230 prodigii
1059 4141 1349 4226 monumentum
