3060 4828
286 335 333 407 34
417 331 632 406 ANNALES
659 332 875 406 CAPITULI
902 275 1254 407 cancovlaasla.

282 555 363 605 cunr
380 532 552 606 hactenus
569 534 617 606 ibi
634 556 706 606 non
725 539 825 606 esset.
867 533 971 622 (tuod
996 535 1111 607 eciam
1136 555 1282 606 movens
1311 533 1379 607 lroc

282 635 467 726 neqocium
486 657 601 705 causa
621 636 732 706 ectitit
757 634 975 728 principalis,
995 633 1154 706 decimas
1172 638 1319 706 nostras
1340 636 1377 705 in

282 731 427 824 Kolina,
444 755 509 826 que
526 741 677 806 vocatur
688 733 933 828 Troianooicb,
946 733 1111 805 Zelenino
1126 732 1254 804 ibidem
1263 756 1377 826 prope

280 833 368 924 sito,
402 831 584 904 Gbocbeea
617 839 650 904 et
677 835 714 904 in
742 833 866 927 Replin
893 836 1027 927 inleqre
1063 839 1097 905 et
1131 833 1265 928 absque
1300 833 1375 904 ulla

280 931 529 1027 diminucione,
557 931 600 1005 de
617 939 745 1004 nostra
759 957 884 1006 mensa
899 933 1063 1005 ducimus
1081 929 1323 1018 conferendas
1341 939 1376 1004 et

278 1030 489 1104 distributas
513 1055 579 1127 per
603 1034 718 1127 ipsum
744 1032 914 1104 domnum
940 1033 1190 1104 Hermonnnrn
1214 1055 1284 1125 pro
1307 1055 1374 1105 suo

278 1130 430 1203 arbitrio
451 1130 502 1203 ad
509 1131 642 1203 altaria
660 1131 873 1226 supradicta
886 1133 1056 1204 ministris
1065 1131 1237 1203 altarium
1247 1154 1375 1203 corun-

277 1227 369 1324 dem,
394 1254 461 1324 pro
480 1231 662 1303 voluntate
678 1233 790 1326 ipsius
808 1234 973 1304 canonici
996 1231 1168 1326 quamdiu
1183 1233 1309 1304 vicerit
1321 1233 1374 1303 in-

276 1330 481 1426 stituendis,
508 1333 569 1428 qui
590 1338 695 1403 crunt
717 1355 785 1426 pro
818 1338 975 1425 tempore
997 1333 1034 1403 in
1056 1335 1267 1425 perpetuum
1293 1354 1373 1424 per-

276 1429 472 1524 cipiendas.
523 1430 605 1524 Ipse
628 1455 712 1502 aero
739 1431 936 1524 sepedictus
963 1433 1159 1504 canonicus
1191 1430 1236 1502 de
1271 1429 1373 1503 bonis

275 1531 343 1602 sibi
361 1553 385 1600 a
404 1529 481 1602 Deo
499 1534 677 1603 concessis
695 1533 801 1626 quasi
815 1533 964 1624 qracins
984 1531 1060 1602 Deo
1078 1552 1189 1624 opens
1213 1535 1246 1602 et
1269 1531 1372 1602 nobis

274 1635 343 1723 pro‘
363 1653 403 1701 eo
423 1630 520 1724 qaod
537 1629 688 1724 adeptus
705 1629 844 1702 videtur
868 1628 965 1725 quod
982 1632 1120 1722 optavit
1138 1630 1287 1724 proprio
1305 1653 1370 1702 suo

275 1733 374 1800 motu
392 1731 532 1801 sincera
550 1729 739 1801 (devocione
756 1731 954 1815 informato
963 1729 1199 1824 episcopalem
1209 1751 1370 1802 mensam

275 1831 382 1924 qerasi
398 1827 547 1901 reddere
564 1828 937 1924 indempncmcupiens
953 1831 989 1900 in
1007 1829 1078 1901 leae
1092 1835 1198 1921 parte
1214 1829 1373 1924 prouidit

276 1934 315 2000 ut
335 1928 464 2023 predia
490 1931 759 2024 acquirerentur
782 1937 816 2001 et
838 1935 1140 2024 pompararentur
1162 1931 1231 2022 ipsi
1250 1953 1370 2003 mense

274 2035 444 2123 perpetuo
467 2029 751 2122 incorporanda.
791 2029 839 2100 Et
852 2031 936 2125 qnia
955 2035 1059 2101 caute
1076 2030 1371 2125 pr·ospeuitquod

274 2127 343 2200 boc
365 2130 480 2222 ipsum
500 2129 630 2200 utiliter
650 2135 685 2201 et
704 2131 899 2218 efficaciter
920 2132 978 2201 uia
1005 2135 1071 2202 aul
1093 2152 1287 2223 numquam
1303 2153 1370 2221 per
1456 2187 1458 2194 .

274 2251 354 2299 eum
369 2234 515 2321 poterat
527 2232 666 2322 peraqi,
685 2230 787 2301 nobis
806 2229 857 2300 ad
873 2228 940 2300 boc
953 2228 1211 2325 exsequendum
1231 2235 1366 2301 centnm
1409 2251 1412 2254 ·

273 2349 423 2400 marcas
442 2331 583 2421 arpenti
598 2328 792 2401 liberaliter
809 2329 935 2400 obtulit
951 2329 1166 2423 etpersolvit.
1201 2327 1257 2401 Ad
1273 2328 1368 2423 quod

273 2429 460 2521 neqocium
478 2450 545 2499 nos
562 2427 707 2501 easdem
726 2451 874 2500 marcas
897 2430 1030 2523 inteqre
1049 2430 1253 2523 recipientes
1275 2430 1368 2513 tate·

272 2549 355 2597 mur
370 2527 438 2622 ipsi
460 2530 647 2621 canonico,
668 2529 776 2600 immo
795 2529 937 2602 ecclesie
954 2537 1085 2624 nostre,
1105 2553 1172 2601 nos
1186 2553 1262 2601 esse
1281 2528 1367 2600 obli·

141 2627 142 2630 ’
272 2633 380 2721 patos
398 2633 431 2698 et
448 2630 559 2698 teneri
568 2629 1137 2724 optatoeffectuimancipandmn.
1164 2628 1367 2720 Disposicio
1420 2682 1423 2689 f

274 2732 393 2798 aulem
412 2733 446 2798 et
467 2730 642 2801 institutio
667 2731 909 2801 ministrorum
930 2729 981 2800 ad
999 2729 1135 2799 altaria
1152 2727 1367 2819 supradicta

270 2832 355 2920 post
370 2833 509 2922 tempus
537 2828 622 2901 dicii
646 2831 811 2900 canonici
835 2828 886 2898 ad
907 2826 1100 2918 capitulum
1127 2831 1364 2896 memoratum

272 2949 429 3021 semper,
462 2950 535 2998 non
568 2927 618 2998 od
641 2929 842 3020 episcopum
866 2925 1062 3018 pertinebit.
1115 2924 1161 2995 Et
1188 2924 1365 3018 quiahoc

272 3028 457 3118 neqocium
479 3032 625 3120 propter
651 3023 897 3118 ampliandam
924 3024 1054 3096 cultum
1073 3023 1141 3096 Dei
1164 3024 1215 3096 ad
1240 3023 1364 3098 eadem

273 3124 411 3197 altaria
437 3147 509 3196 non
535 3125 788 3198 minorandurn
812 3131 866 3197 est
891 3125 1042 3210 feliciter
1065 3127 1364 3218 consummabunt,

269 3227 426 3318 presenti
442 3224 583 3298 decreto
602 3225 645 3296 de
660 3227 796 3319 prefati
811 3228 926 3296 nostri
950 3225 1097 3319 capituli
1114 3225 1294 3297 uoluntate
1311 3226 1363 3295 in·

270 3324 439 3420 bibemus,
465 3349 508 3397 ne
533 3325 637 3398 iidem
664 3325 827 3416 ministri,
855 3327 1000 3397 vicariis
1029 3325 1181 3397 aliorum
1201 3323 1363 3396 domino-

195 3453 196 3456 *
271 3447 352 3496 rum
378 3427 415 3496 in
441 3425 565 3499 eadem
593 3425 741 3499 ecclesia
766 3430 832 3497 aut
858 3425 953 3498 olias
980 3448 1042 3496 sen
1075 3426 1249 3512 beneficiis
1282 3422 1364 3497 aliis

271 3532 497 3617 occupentur,
509 3550 551 3597 ne
569 3525 863 3619 taliteroccupali
876 3549 943 3597 sua
954 3524 1209 3619 derelinquant
1226 3523 1363 3596 altaria

271 3623 447 3716 desolata,
468 3625 519 3696 ad
537 3649 602 3722 quc
621 3622 819 3714 officiendo
837 3630 922 3696 sunt
936 3625 1093 3696 mantare
1111 3623 1268 3694 instituti.
1306 3621 1363 3695 Ad

269 3725 444 3796 maiorem
463 3732 580 3796 autern
599 3725 818 3797 eoideucinm
837 3725 995 3795 omnium
1007 3724 1263 3818 premissorum
1276 3746 1361 3816 pre-

266 3829 401 3896 sentem
420 3828 595 3920 paqinam
620 3827 810 3896 munimine
826 3822 1024 3917 sipilloram
1042 3824 1158 3896 nostri
1178 3827 1214 3893 et
1226 3823 1362 3914 prelati
1450 3854 1453 3860 ·

266 3925 412 4018 capituli
429 3924 574 4020 dtqnmn
591 3926 782 4000 statuimus
799 3921 1038 3996 muniendam.
1072 3923 1198 3995 Actum
1216 3929 1286 3992 etc.

342 4023 572 4119 Ogenerosa
585 4021 732 4098 clar'edo
748 4023 1133 4124 prosapioluculenta,
1153 4043 1228 4118 que
1240 4018 1360 4116 gloria

264 4121 328 4196 alti
347 4124 543 4220 sanguinis
563 4124 744 4198 attolleris
765 4135 803 4198 et
820 4134 997 4221 tanquam
1018 4123 1177 4196 fecunda
1208 4119 1293 4194 vitis
1321 4119 1356 4192 in
