3040 4856
269 386 456 461 couno.
474 371 640 459 annau.
661 385 951 461 roxonoxun
980 365 993 460 t
1019 385 1078 458 ar
1101 385 1158 459 m.
1216 384 1264 458 75
1310 387 1312 392 ’

171 583 252 684 ipso
280 598 460 660 exeuntes
488 587 658 659 cruciferi
693 581 958 660 cremaverunt
989 597 1155 658 castrum
1178 586 1264 678 Wy-

172 690 308 784 segrod
335 687 371 759 in
392 688 557 782 Cuyavia
585 688 711 760 multis
734 687 918 760 nobilibus
951 686 1088 760 ibidem
1114 685 1264 777 occisis,

172 798 230 860 set
258 812 331 859 non
361 788 443 860 sine
470 811 609 884 magno
638 788 862 860 detrimento
888 811 1057 881 suorum,
1084 787 1171 883 qnia
1196 809 1263 882 pro

172 888 337 984 quolibet
356 889 478 985 capite
498 900 713 960 nostrorum
729 888 852 960 bene
843 911 1009 984 rpsorum
1026 897 1109 958 octo
1127 886 1185 958 vel
1201 910 1266 956 no-

171 1013 258 1060 vem
286 989 512 1060 ceciderunt.
561 988 675 1085 lpso
666 1014 702 1058 m
722 999 894 1085 tempore
920 997 1187 1059 cremaverunt
1208 981 1361 1094 aa-¹1¹²3¹·23·

172 1099 293 1160 strum
312 1088 430 1160 Nakel
434 1088 751 1202 ‚acquisiverunt
775 1099 940 1161 castrum
959 1088 1104 1160 Raczas
1124 1086 1269 1184 episco-

173 1188 271 1284 pale,
291 1199 393 1260 metu
410 1188 529 1260 eciam
549 1189 716 1286 ipsorum
734 1199 898 1260 castrum
915 1189 1101 1282 Radeyow
1117 1211 1185 1283 per
1203 1209 1267 1256 no·

173 1299 273 1360 stros
297 1288 366 1360 fuit
394 1299 613 1364 crematum.
645 1291 690 1361 Et
691 1289 794 1401 ’quia
822 1289 945 1360 nullus
973 1288 1041 1359 fuit
1064 1287 1267 1380 rebellans
1277 1295 1377 1342 ΜΗ·

173 1389 344 1485 quamvis
363 1390 478 1461 multa
500 1388 698 1560 dampna
688 1415 726 1460 m
751 1388 965 1461 hominibus
990 1387 1267 1486 percepissent

172 1499 407 1560 tamencum
433 1490 587 1561 victoria
609 1499 646 1562 e
664 1489 915 1602 prosperitate
940 1491 984 1560 arl
1010 1487 1159 1600 propria
1181 1497 1269 1560 sunt

174 1589 330 1702 reversi,
363 1590 400 1660 in
427 1590 540 1686 vulgo
568 1603 695 1662 autem
722 1589 927 1662 maximam
954 1587 1149 1685 sanguinis
1177 1587 1269 1662 effu-

171 1689 321 1762 sionem
356 1692 545 1785 fecerunt3
579 1715 666 1762 nam
701 1691 823 1762 virum
857 1701 895 1761 et
923 1688 1139 1783 mulier‚em
1164 1687 1268 1758 iuve-

172 1815 260 1861 nem
282 1801 319 1862 et
338 1815 484 1885 senem,
510 1801 740 1888 pregnantes
761 1801 799 1862 et
816 1790 1027 1886 vagientes,
1055 1743 1212 1861 clericos
1232 1797 1271 1859 et

173 1891 406 1986 sacerdotes7
433 1915 567 1963 omnes
596 1916 689 1988 qnos
716 1891 886 1962 invenire
913 1900 1110 1988 poterant
1144 1889 1268 1984 gladio

175 1989 423 2062 extinxerunt.
476 1993 554 2062 Rex
574 1991 686 2087 igitur
718 1991 957 2084 Wladyslaus
984 1992 1103 2062 dictus
1127 1987 1269 2060 Loctek

175 2089 328 2161 Polonie
348 2092 478 2162 videns
499 2115 567 2162 sue
585 2101 728 2162 tantam
749 2091 873 2187 gentis
893 2089 1155 2181 allliccionem⁷
1183 2112 1270 2160 con-

174 2200 333 2286 gregata
347 2190 485 2263 milicia
502 2191 617 2264 totius
634 2192 783 2264 Polonie
805 2202 842 2264 et
860 2189 1061 2263 auxiliariis
1081 2192 1126 2262 de
1146 2189 1269 2284 Unga-

174 2290 228 2362 ria
248 2314 364 2388 prope
383 2294 514 2364 decem
537 2291 683 2364 milibus
700 2302 737 2363 et
755 2294 800 2363 de
821 2291 902 2364 aliis
922 2289 1174 2388 stipendiariis
1194 2313 1268 2360 non

175 2391 319 2487 paucis7
339 2391 442 2464 venit
464 2403 635 2490 tempore
657 2391 889 2490 autumpnali
910 2415 1029 2490 usque
1049 2394 1093 2463 ad
1113 2388 1269 2462 fluvium

175 2492 429 2587 Drawoczam,
456 2493 527 2564 illis
554 2517 598 2564 ex
626 2493 697 2564 alia
722 2504 830 2592 parte
854 2490 957 2564 fluvii
984 2516 1053 2564 suo
1078 2502 1156 2563 toto
1183 2515 1268 2562 cum

175 2593 310 2663 robore
330 2593 618 2686 obsistentibus3
652 2604 688 2664 et
716 2617 800 2664 cum
830 2593 996 2688 pluribus
1023 2593 1154 2664 diebus
1182 2615 1271 2687 quo·

176 2714 339 2788 cumque
354 2691 486 2786 nostri,
500 2691 549 2762 illi
571 2715 616 2763 ex
631 2692 701 2764 alia
719 2701 825 2789 parte
841 2702 971 2762 contra
985 2701 1136 2764 nostros
1151 2700 1271 2763 trans-

174 2789 273 2864 irent
298 2802 336 2864 et
358 2791 522 2865 maxime
547 2791 584 2862 in
609 2791 680 2864 illis
705 2791 798 2864 locis
825 2791 885 2864 ubi
911 2794 1004 2863 vada
1032 2801 1151 2885 erant,
1178 2789 1270 2862 alias

175 2893 276 2964 enim
294 2901 414 2964 totum
433 2889 587 2965 fluvium
606 2892 762 2988 truncis,
782 2891 951 2989 exigonis
972 2903 1010 2964 et
1027 2891 1183 2974 faldbus
1205 2890 1273 2962 im·

176 2992 373 3088 pleverant
393 2995 437 3065 ad
458 2993 568 3066 unius
588 2993 752 3066 hominis
772 2992 954 3091 simplicis
983 2996 1119 3064 vadum
1146 3001 1272 3064 osten·

177 3092 298 3164 dentis
330 3093 541 3192 consilium,
577 3119 642 3167 rex
667 3094 833 3167 dimissis
865 3093 901 3166 in
929 3093 1091 3166 latibulis
1121 3091 1271 3189 expedi·

175 3202 298 3265 torum
323 3217 442 3291 prope
461 3197 604 3267 dnobus
624 3195 773 3267 milibus
798 3194 901 3289 viris,
929 3194 1117 3267 simulavit
1144 3217 1185 3264 se
1205 3215 1271 3264 rex

179 3316 264 3364 cum
283 3303 360 3364 toto
382 3295 545 3365 exercitu
567 3296 664 3366 circa
684 3295 930 3367 Brodniczam
960 3294 1056 3366 velle
1080 3303 1271 3390 pertrans-

178 3393 245 3486 ire,
280 3393 340 3464 ubi
369 3393 440 3489 ipsi
468 3394 609 3467 barbati
637 3405 766 3466 contra
794 3417 924 3490 regem
957 3417 1090 3466 omnes
1119 3392 1271 3465 insimul

178 3501 446 3564 convenerunt.
499 3493 636 3566 Insidie
673 3494 786 3590 igitur
823 3493 925 3590 regis
960 3491 1116 3566 fluvium
1150 3503 1271 3565 trans-

177 3602 351 3665 meantes
385 3592 535 3688 signum
572 3593 629 3665 sui
662 3594 843 3666 transitus
879 3595 981 3666 fumo
1015 3596 1271 3667 ostenderunt.

176 3695 256 3765 Rex
275 3693 388 3789 igitur
408 3694 468 3791 qui
488 3697 532 3766 ad
552 3695 622 3766 trin
641 3698 737 3768 bene
756 3693 913 3766 miliaria
934 3705 1015 3767 erat
1033 3719 1056 3766 a
1072 3695 1169 3788 loco,
1185 3717 1271 3765 con·

177 3793 249 3867 cito
268 3797 386 3890 gradu
406 3818 474 3866 suo
491 3818 574 3865 cum
592 3796 755 3867 exercitu
770 3793 924 3867 fluvium
943 3795 1118 3868 transivit
1130 3805 1168 3866 et
1186 3817 1272 3865 con-

175 3892 320 3967 llictum
340 3917 424 3965 cum
451 3894 529 3966 suis
556 3895 698 3968 avidius
723 3896 1011 3993 prestolabatur.
1063 3895 1117 3967 llli
1145 3905 1271 3984 autern

176 3996 363 4089 videnteS,
391 3994 476 4089 quia
492 3994 617 4067 virtuti
636 3995 738 4092 regis
765 4019 963 4068 occurrere
991 4020 1064 4067 nou
1086 3996 1273 4090 valebant,

178 4095 214 4166 in
233 4095 508 4170 municionibus
528 4119 570 4168 se
586 4096 804 4169 clauserunt
823 4107 860 4169 et
874 4120 941 4194 per
955 4097 1187 4169 fraudatores
1207 4121 1272 4168 no·

179 4206 278 4268 stros
297 4207 456 4292 agentes
478 4221 562 4274 curn
579 4197 765 4295 potuisset
783 4209 872 4270 tunc
891 4208 1006 4270 totam
1021 4208 1161 4272 terram
1180 4196 1272 4294 opti·
