3040 4856
365 369 735 462 conuulsum.
758 367 1063 444 rouuuonuu.
1211 372 1257 486 ‚8¹
1341 449 1343 454 ,

163 584 221 646 tue
248 572 464 666 temporibus
489 571 730 646 decentissime
754 570 982 656 contovebus.
1034 569 1108 662 Ipsi
1125 589 1209 640 vcro
1228 573 1261 640 te

163 675 419 768 eoiqentibust
420 695 461 743 ue
478 673 601 766 yrneie
620 678 655 742 et
677 672 885 766 beniqnituti
913 671 1048 742 meritis
1077 690 1188 764 usque
1210 667 1261 738 ced

162 775 287 845 eudem
303 779 465 865 temporo
483 794 563 846 cum
579 771 734 842 bonist
700 795 717 842 e
718 772 960 864 tcorporibus
973 793 1096 841 eorum
1111 767 1260 840 nullate·

162 897 229 946 nus
248 871 469 944 deserebant.
522 869 725 942 Ecbortnre
744 893 829 964 erqo
855 869 996 942 eosdem
1021 868 1156 954 nobiles
1179 873 1260 940 tuos

162 978 202 1045 ut
218 972 327 1060 fitium
347 977 445 1044 tuum
463 969 686 1042 Kazimirum
705 992 807 1065 quern
832 971 868 1040 in
893 992 1135 1042 successorem
1160 973 1258 1040 tuum

7 1119 30 1126 ’κ
163 1079 196 1145 et
221 1074 322 1165 requi
345 1070 507 1163 dimittis,
544 1069 733 1144 dileccione
765 1077 800 1140 et
825 1071 954 1155 fucore
979 1074 1258 1163 prosequuntur.

32 1183 33 1188 ’
165 1170 236 1258 Qui
262 1170 351 1242 licet
376 1168 452 1240 iam
478 1168 585 1266 quasi
610 1168 647 1241 in
673 1169 810 1244 virtute
836 1168 964 1265 lingue
1000 1179 1039 1240 et
1070 1166 1259 1240 sermonis

164 1269 359 1367 delicienS,
385 1280 512 1342 tamen
534 1267 689 1342 eosdem
712 1269 950 1367 Spicimirum
970 1278 1009 1340 et
1028 1267 1257 1341 Iarosslaum

163 1395 239 1444 una
259 1395 343 1442 curn
364 1371 446 1442 aliis
466 1369 793 1442 circumstantibus
814 1367 1003 1442 curialiter
1022 1379 1081 1441 est
1099 1368 1257 1440 affatus:

165 1472 196 1543 0
220 1473 286 1544 oiri
306 1470 412 1543 michi
429 1476 465 1542 et
478 1471 573 1563 proti
590 1493 665 1543 enee
682 1473 806 1564 mcqni
822 1473 996 1562 fautores,
1012 1472 1148 1542 utinum
1166 1468 1259 1556 fitius

162 1593 263 1644 nicus
282 1570 440 1664 erenrplo
459 1570 586 1642 ductus
610 1594 688 1641 meo
716 1571 898 1642 uobiscum
926 1570 1045 1642 taliter
1069 1592 1258 1642 conuersu-

162 1677 262 1744 retur
274 1672 367 1743 sicut
378 1694 443 1764 eqo
459 1670 650 1763 crederem,
666 1672 783 1765 utique
796 1669 892 1764 quod
905 1693 983 1740 euru
997 1672 1089 1742 sicut
1105 1676 1139 1740 ct
1154 1669 1260 1740 micbi

56 1813 57 1821 κ
160 1771 308 1864 fecistis,
335 1769 496 1864 diiiqetis.
543 1768 708 1841 Attumen
733 1772 765 1842 si
785 1793 889 1842 secus
904 1771 1023 1862 fuerit,
1039 1769 1137 1866 quod
1154 1769 1258 1862 ubsit,

55 1879 56 1883 ’
159 1871 229 1942 troc
248 1876 360 1942 vestre
377 1868 549 1942 industrie
567 1875 600 1940 et
616 1869 788 1964 fidelitati,
807 1893 915 1964 quum
940 1892 1079 1962 semper
1097 1893 1135 1940 er
1136 1892 1185 1962 yn
1203 1891 1259 1940 me

57 1994 58 1998 ¹
159 1969 347 2062 habuistis,
360 1968 574 2056 fiducialiter
586 1925 845 2042 reconunerido.
900 1968 974 2040 Sed
985 1968 1082 2063 quod
1092 1992 1161 2067 pro
1179 1969 1258 2061 ipso

59 2065 60 2068 ’
161 2073 237 2141 iarn
268 2075 397 2161 petrem
424 2069 600 2162 iqnoruns
626 2068 669 2140 de
694 2093 760 2141 suo
793 2074 889 2142 stutu
921 2071 1045 2154 futuro
1077 2068 1259 2140 vobiscum
1358 2141 1362 2151 ,

161 2193 234 2242 non
251 2171 390 2254 facium
408 2170 479 2240 istu
498 2170 582 2240 vice.
634 2168 678 2240 Et
696 2169 768 2240 hec
787 2168 916 2240 dicens
935 2166 1009 2240 lilio
1030 2193 1097 2240 suo
1124 2167 1258 2240 dilecto

160 2267 348 2340 Kazimiro
368 2266 505 2340 ibidem
552 2268 693 2340 resenti
720 2267 865 2340 nobiles
885 2291 975 2340 suos
995 2267 1260 2342 universaliter

162 2369 201 2440 in
228 2366 485 2439 omnimodam
517 2294 735 2440 ldelitatem
769 2371 1082 2442 recommendans
1122 2369 1160 2440 in
1187 2370 1258 2440 Do·

162 2469 264 2540 mino
283 2468 516 2540 obdormivit.

238 2567 300 2640 Sic
327 2568 416 2639 illud
448 2567 766 2663 fulgentissimum
799 2572 913 2662 sydus
942 2569 1067 2665 gentis
1097 2567 1257 2664 caligine

162 2667 1257 2764 mortisobumbratum,maguumchaoserrorumetlicium

159 2767 390 2864 reliquisset
400 2790 471 2839 nisi
481 2790 668 2865 supernus
678 2778 782 2861 tytan
797 2770 842 2838 de
858 2767 959 2839 radio
975 2778 1085 2839 atant
1087 2768 1257 2861 osydere

63 2889 67 2947 5
159 2869 336 2941 Polonice
355 2867 458 2963 genti
481 2867 636 2940 salubrit
622 2878 680 2939 ter
698 2867 936 2966 providisset
963 2869 1057 2940 Nam
1078 2868 1258 2966 supersti-

158 2980 237 3041 tem
254 2977 339 3064 post
354 2991 396 3040 se
410 2966 526 3039 lilium
541 2967 767 3040 Kazimirum
795 2968 948 3040 nomine
967 2971 1013 3041 de
1041 2993 1115 3082 quq
1142 2992 1257 3065 supin

158 3066 442 3180 prelibavimuS,
475 3068 579 3163 genti
604 3067 752 3140 dimisit
807 3070 913 3142 Unde
934 3068 1058 3142 dolori
1087 3069 1185 3142 risus
1220 3078 1257 3141 et

157 3168 275 3240 luctui
287 3167 464 3264 gaudium
477 3171 587 3241 dabat
597 3171 856 3264 moderamen,
871 3179 1056 3266 quatenus
1072 3170 1133 3265 qui
1150 3179 1256 3242 erant

159 3271 206 3340 de
222 3291 363 3342 'occasu
391 3267 475 3339 talis
503 3268 637 3340 solaris
664 3270 818 3366 planete
845 3279 1051 3365 merentes,
1079 3271 1124 3341 de
1152 3279 1256 3342 tanta

157 3370 245 3439 luce
263 3366 392 3439 relicta
413 3377 592 3439 maneant
610 3368 852 3440 honorantes.

235 3466 562 3560 lsteradyslaus
589 3465 688 3540 filius
713 3468 781 3539 fuit
806 3467 910 3540 ducis
938 3467 1112 3540 Kazimiri
1139 3478 1255 3541 terra·

64 3652 72 3662 ¹,
157 3591 243 3640 rum
273 3567 454 3661 Cuyavie,
482 3566 637 3660 Syradie
666 3579 703 3640 et
731 3567 927 3664 Lancicie,
963 3568 1254 3663 cuinadyslao

65 3672 71 3751 ἒ
155 3670 258 3741 inter
276 3692 366 3741 suos
386 3669 522 3740 fratres
538 3671 637 3740 terra
652 3669 868 3741 Brestensis
888 3669 925 3739 in
954 3669 1126 3762 Cuyawia
1152 3678 1255 3741 sorte

75 3818 76 3822 =
155 3770 374 3843 advenerat.
434 3768 502 3840 Hic
542 3768 646 3840 ducis
686 3769 861 3862 Bolezlay
886 3769 1108 3842 Kalisiensis
1139 3768 1254 3840 filiam

79 3959 80 3964 ἵ
154 3868 311 3942 nomine
325 3866 535 3963 Hedvigem
549 3869 586 3938 in
607 3893 760 3941 uxorem
781 3869 971 3965 accipiens
988 3880 1074 3965 post
1093 3880 1254 3942 mortem

79 3977 87 4036 I
154 3968 277 4066 ipsius
297 3967 403 4041 ducis
424 3977 462 4039 et
476 3967 596 4039 eciam
619 3969 815 4065 heredum,
840 3969 991 4042 maioris
1015 3968 1167 4042 Polonie
1190 3972 1255 4042 do·

154 4069 312 4142 minium
333 4069 467 4140 ibidem
485 4078 543 4141 est
557 4079 799 4166 assequutus,
817 4073 912 4167 quod
934 4080 970 4142 et
988 4068 1114 4142 multis
1133 4071 1254 4144 tenuit

155 4169 277 4241 annis.
301 4168 468 4240 Tandem
485 4169 614 4242 fraude
632 4170 807 4243 nobilium
827 4171 979 4244 Polonie
994 4183 1149 4268 agente,
1186 4195 1254 4268 per

1028 4274 1051 4344 b
