3040 4856
407 337 622 412 ANNALES
650 337 943 412 POLONORUM
971 338 997 411 l.
1201 341 1245 413 61

155 548 280 610 autem
314 537 509 631 videbant,
538 548 597 611 set
621 549 767 612 tantum
805 563 940 611 sonum
975 541 1174 611 verberum
1211 548 1248 610 et

154 639 350 735 strepitum
384 637 604 736 audiebant,
629 639 784 711 vulnera
817 639 852 710 in
880 663 1038 736 corpore
1059 650 1096 710 et
1113 640 1246 735 plagas

152 739 394 836 aspiciebant.
424 741 508 836 lpse
522 741 638 812 miser
650 738 963 812 afflictusnullam
983 764 1116 811 vocem
1138 741 1249 812 dabat

151 864 223 910 nec
242 839 438 935 gemitum,
459 849 518 912 set
536 850 682 911 tantum
702 840 843 911 vultum
865 841 1109 911 contrahebat
1134 849 1171 911 et
1189 862 1249 909 ru-

151 944 277 1036 gabat,
293 951 330 1011 et
341 940 394 1012 sic
409 939 526 1012 miser
540 939 635 1010 infra
652 942 1018 1012 verberademonum
1033 938 1247 1036 exspiravit.

151 1040 191 1110 ln
225 1051 357 1112 octava
390 1039 510 1112 sancti
543 1039 735 1111 Michaelis
773 1040 906 1112 cecidit
941 1039 977 1111 ia
1002 1039 1180 1114 Cracovia
1209 1038 1245 1110 ia
1271 1063 1355 1108 aaa.

153 1164 293 1236 magna
312 1140 420 1238 copia
440 1140 511 1211 nix.
612 1140 783 1212 loheleth
810 1165 902 1212 uxor
923 1141 1098 1234 Bolezlay
1117 1139 1247 1236 genuit

150 1238 266 1311 filiam
286 1241 438 1312 nomine
457 1242 616 1311 Annam.

229 1342 336 1414 1277.
363 1339 400 1411 in
436 1338 722 1412 circumcisione
748 1338 896 1412 Domini
923 1339 960 1410 in
986 1339 1108 1411 media
1134 1347 1245 1412 nocte
1269 1355 1317 1399 m.
1335 1354 1355 1401 1·

151 1450 322 1541 apertum
340 1450 398 1513 est
413 1442 534 1512 celum
549 1440 658 1512 etlux
672 1441 837 1512 maxima
851 1439 1084 1536 resplenduit
1102 1441 1147 1510 ad
1167 1463 1246 1510 mo-

22 1623 25 1632 ,
151 1541 271 1612 dicam
291 1541 423 1614 horam
442 1542 493 1612 ita
503 1544 599 1637 quod
615 1551 693 1612 tota
714 1540 844 1612 civitas
867 1551 904 1613 et
922 1539 1094 1634 dyocesis
1112 1541 1246 1614 Craco-

150 1640 291 1714 riensis
311 1642 379 1714 fuit
398 1641 667 1714 delectabiliter
688 1641 882 1713 illustrata.
984 1642 1126 1712 Eodem
1146 1663 1245 1711 anno

149 1741 286 1814 milites
307 1741 529 1814 Theutonici
558 1740 680 1813 vocati
709 1752 797 1814 suat
821 1743 857 1812 in
886 1739 1123 1814 Zleziensem
1159 1745 1246 1835 ‹lyo-

149 1841 278 1914 cesim.
398 1842 480 1914 Dux
499 1842 697 1914 bolezlaus
721 1841 846 1915 Zlesie
878 1844 923 1913 de
948 1841 1126 1938 Legnicia
1147 1841 1248 1938 cepit

147 1941 354 2014 Hemicum
386 1940 504 2014 tilium
540 1943 665 2014 fratris
693 1943 768 2036 sui,
803 1946 937 2014 ducem
965 1942 1246 2014 Wratislavien-

150 2066 255 2138 sem⁷
295 2042 492 2138 requirens
520 2047 564 2115 ab
594 2067 639 2114 eo
666 2043 790 2116 fratris
820 2043 877 2115 sui
905 2041 1060 2114 iunioris
1080 2041 1244 2114 defuncti

149 2142 254 2214 ducis
281 2142 488 2214 Wlotconis
515 2142 575 2238 qui
604 2142 673 2214 luit
700 2142 1019 2241 archiepiscopus.
1156 2142 1242 2239 lpso

150 2241 287 2314 circulo
308 2242 405 2316 circa
422 2244 562 2315 festam
581 2242 810 2316 sanctiLuce
832 2241 1352 2339 ewangelisteLitwanioa.1a

146 2342 361 2416 Lauriciam
394 2342 655 2417 crudelissime
687 2348 981 2417 devastaverunt
1013 2347 1241 2416 abducentes

148 2467 280 2516 secum
312 2445 349 2514 in
381 2444 636 2542 captivitatem
668 2456 795 2541 preter
828 2469 893 2518 eos
926 2443 989 2540 qui
1020 2443 1134 2516 occisi
1157 2454 1245 2516 sunt

147 2543 394 2638 quadraginta
409 2544 511 2614 milia
524 2544 719 2614 hominum
740 2545 932 2640 utriusque
953 2569 1079 2616 sexus.
1155 2545 1245 2618 Post

147 2643 293 2716 ruinam
313 2643 414 2739 regis
433 2644 687 2715 Bohemorum
707 2643 780 2714 lilia
801 2644 919 2740 ipsius
939 2645 1089 2716 domina
1107 2645 1242 2741 Kinga,

145 2743 252 2839 virgo
268 2743 346 2814 Deo
367 2747 500 2818 devota
515 2753 552 2815 et
571 2747 679 2816 beate
699 2743 834 2839 virgini
850 2743 978 2839 ltlarie,
996 2745 1033 2814 in
1050 2743 1108 2816 die
1123 2746 1242 2818 sancti
1252 2737 1353 2857 „¹3⁷2ss-

145 2843 327 2942 Stephani
348 2844 620 2941 protomartiris
641 2843 731 2914 vidit
748 2844 785 2916 ia
808 2844 950 2916 visione
966 2847 1153 2940 quandam
1172 2845 1243 2917 vir·
1273 2825 1307 2857 ⁰‘
1345 2845 1351 2856 ’

146 2945 273 3040 ginem
301 2945 594 3042 pulcherrimam
626 2943 794 3016 indutam
824 2944 936 3043 pallio
964 2944 1142 3042 mirabili,
1170 2972 1241 3043 que

144 3045 307 3117 habebat
324 3044 468 3118 litteras
486 3047 649 3119 insertas
678 3071 746 3142 per
773 3057 893 3119 totum
920 3044 1074 3145 pallium
1107 3049 1151 3118 de
1184 3071 1242 3120 se·

145 3154 248 3240 ptem
269 3145 415 3241 gaudiis
428 3152 536 3219 beate
557 3145 855 3242 virginisltlarie,
876 3157 1034 3243 excepta
1052 3171 1124 3218 una
1143 3147 1242 3244 plica
1368 3175 1371 3179 ·

145 3244 246 3340 pallii
265 3245 301 3314 in
322 3270 393 3341 qua
412 3272 487 3318 non
508 3257 615 3319 erant
638 3246 773 3320 littere.
818 3249 933 3336 ¹Quod
960 3247 1091 3320 videns
1115 3248 1241 3342 puella
1334 3291 1336 3311 ι

148 3343 246 3439 cepit
277 3344 413 3416 mirari.
472 3347 527 3418 Ad
560 3369 671 3442 quam
699 3350 808 3418 beata
839 3346 964 3442 virgo:
994 3347 1082 3438 Car,
1111 3345 1240 3443 inquit,

143 3442 230 3536 filia,
250 3445 420 3516 miraris?
444 3446 499 3517 Ad
526 3468 638 3541 quarn
658 3445 802 3542 puella:
839 3445 1009 3518 Admiror
1035 3451 1135 3516 taram
1161 3447 1239 3539 pal·

144 3541 354 3616 critadinem
388 3549 423 3616 et
454 3569 518 3616 aar
539 3545 693 3638 pallium.
713 3552 811 3617 taam
842 3567 914 3617 noa
945 3552 998 3618 est
1031 3569 1097 3638 per
1127 3552 1237 3618 lotum

144 3649 324 3716 ornatum.
376 3646 431 3716 Ad
446 3671 559 3743 quarn
580 3644 748 3718 domina:
775 3645 853 3741 Epo
868 3671 958 3740 suat,
978 3644 1108 3742 inquit.
1123 3654 1241 3718 arator

143 3742 299 3837 Domini,
327 3750 363 3816 tu
390 3754 507 3818 autem
526 3747 594 3818 hoc
608 3747 760 3840 psillium
786 3771 901 3820 meum
931 3747 1120 3819 decorasti.
1168 3745 1241 3819 Sed

142 3845 226 3938 quia
253 3843 419 3916 hesterna
447 3846 502 3918 die
533 3871 606 3920 aaa
636 3850 794 3920 recitasti
823 3854 954 3942 septem
981 3846 1120 3941 paedia
1145 3869 1237 3942 nica,

140 3967 207 4038 que
229 3944 371 4018 solebas
395 3970 534 4040 seraper
559 3948 729 4038 recitare,
769 3947 847 4019 ideo
870 3946 1021 4041 pallium
1048 3946 1144 4020 istud
1166 3971 1238 4020 non

142 4049 194 4116 est
210 4069 275 4138 per
293 4047 415 4118 arania
434 4051 613 4120 ornatum.
656 4047 937 4140 Verumptamen,
957 4047 1044 4140 lilia,
1064 4047 1137 4118 noli
1154 4072 1237 4120 coa·

140 4145 300 4240 turbari,
326 4149 411 4242 quia
437 4149 650 4222 desideriam
678 4153 776 4220 tuum
804 4147 1069 4242 adimplebitur,
1104 4148 1236 4221 accde
