3040 4856
410 276 627 352 ANNALES
656 276 951 353 POLONORUM
980 278 1004 352 l.
1213 283 1260 354 67

158 487 273 551 totam
295 481 450 576 predam
471 503 582 575 quam
602 477 674 575 ipsi
701 480 745 549 de
764 477 896 550 Lublin
922 479 1164 551 abduxerant.
1218 481 1259 552 lu

158 604 232 676 quo
262 577 434 650 conflictu
455 578 579 650 nullus
600 577 795 668 hominum
823 577 970 650 occisus
992 588 1051 650 est
1070 582 1115 651 de
1138 579 1258 677 ipsius

159 680 345 766 exercitu3
381 680 439 750 ubi
460 679 628 750 mirabile
649 679 792 772 accidit³
821 677 905 775 quia
927 701 1042 751 canes
1063 703 1157 774 quos
1177 703 1259 778 pre·

157 780 243 852 dicti
271 779 431 875 gentiles
458 783 702 873 abduxerant,
730 778 810 851 viso
838 779 1124 851 christianorum
1154 805 1259 852 exer-

157 881 230 952 citu
249 891 430 976 ceperunt
448 882 628 975 gaudere,
651 878 794 950 ululare
811 891 848 950 et
870 880 1036 951 exultare
1053 905 1120 976 per
1135 881 1257 977 signa⁷

157 980 219 1076 qui
247 980 359 1052 simul
389 1004 473 1051 cum
502 979 714 1051 christianis
740 979 777 1049 in
806 979 1033 1050 occisionem
1059 981 1255 1076 gentilium

157 1080 331 1152 conversi
347 1092 438 1152 sunt
425 1081 673 1151 t·m01dentes
694 1079 941 1152 atrocissime.
993 1081 1101 1151 Anno
1121 1083 1253 1154 eodem
1266 1093 1350 1150 [128⁵]

156 1180 351 1252 lanussius
380 1181 567 1277 palatinus
596 1190 633 1252 et
619 1180 796 1252 tmilites
825 1169 1153 1252 Sanilomirienses
1191 1206 1255 1281 op-

155 1290 365 1377 posuerunt
400 1305 441 1352 se
485 1280 652 1378 predicto
688 1280 770 1351 duci
802 1280 983 1352 Lestkoni
1018 1291 1055 1352 et
1086 1293 1252 1354 castrum

155 1381 450 1453 Sandomirense
466 1393 502 1452 et
518 1391 682 1453 castrum
700 1384 745 1452 de
766 1381 908 1452 Radom
924 1383 1155 1454 tradiderunt
1168 1383 1252 1454 duci

154 1482 339 1574 Conrado,
365 1481 519 1578 principi
513 1481 724 1577 blazonio,
748 1485 814 1552 sed
834 1481 1001 1578 prefatus
1022 1485 1093 1553 dux
1111 1483 1251 1555 Lestko

154 1582 296 1678 expulit
314 1584 526 1656 Conradum
546 1583 592 1654 de
617 1592 730 1677 terra,
751 1591 788 1652 et
806 1581 971 1678 predicta
993 1591 1116 1654 castra
1137 1592 1174 1655 et
1199 1594 1252 1655 to·

152 1692 230 1753 tam
258 1693 398 1754 terram
422 1682 460 1753 in
494 1706 588 1779 pace
616 1682 795 1779 possedit.
879 1683 1021 1754 Eodem
1051 1707 1149 1754 anno
1182 1683 1251 1757 fuit

152 1783 317 1855 maxima
335 1784 457 1856 fames
486 1783 523 1854 in
550 1793 651 1854 terra
677 1780 931 1876 Cracoviensia
958 1793 1249 1880 propterquam

152 1881 295 1954 infinita
317 1882 417 1954 milia
434 1883 629 1954 hominum
647 1883 842 1954 exiverunt
856 1881 892 1952 in
904 1881 1059 1954 Rusiam
1076 1894 1113 1955 et
1127 1883 1164 1954 in
1176 1886 1250 1957 Un-

152 1981 312 2078 ganam,
340 1986 406 2055 sed
436 1985 496 2079 qui
522 1983 668 2056 iverant
693 1981 731 2054 in
757 1981 912 2054 Rusiam
939 1982 1013 2053 dati
1047 1992 1134 2054 sunt
1160 1984 1274 2056 Tan·

152 2081 292 2177 thuris,
325 2083 385 2179 qui
413 2107 502 2154 vero
532 2083 786 2176 transiverunt
812 2081 849 2152 in
875 2082 1079 2178 Ungariam
1108 2083 1248 2156 venditi

153 2193 242 2254 sunt
259 2182 447 2256 Comanis
523 2183 664 2256 Eodem
684 2207 782 2254 anno
807 2181 843 2253 in
863 2183 921 2255 die
941 2183 1038 2255 beati
1058 2185 1306 2257 Francisci00t·
1320 2193 1342 2240 4·

150 2282 245 2354 infra
267 2275 468 2380 capitulum
498 2284 655 2357 fratrum
683 2284 980 2378 Predicatorum,
1016 2286 1112 2381 quod
1148 2286 1273 2358 cele·v

152 2383 272 2454 bravit
299 2407 431 2454 eorum
457 2409 628 2456 summus
655 2384 856 2480 magister,
890 2384 1123 2457 intraverunt
1146 2384 1245 2457 Lith-

38 2492 41 2498 '
150 2483 260 2576 ivani⁷
294 2483 431 2556 Christi
467 2483 625 2576 inimici,
658 2485 817 2580 pagani.
846 2483 1078 2558 clandestine
1105 2497 1245 2559 terram

151 2581 513 2677 Sandomiriensem.
541 2585 633 2655 duce
662 2593 699 2653 et
718 2584 796 2654 fere
816 2584 988 2656 omnibus
1009 2585 1216 2657 militibus
1206 2611 1244 2658 rn

149 2681 329 2754 Cracovia
349 2654 599 2755 residentibus
625 2693 778 2794 propter
800 2683 1001 2778 capitulum
1021 2683 1245 2782 predictum,

149 2781 357 2896 spoliantes
374 2793 411 2856 et
429 2793 639 2856 mactantes
654 2781 846 2854 ministros
861 2783 1010 2878 Christi,
1025 2789 1243 2858 sacerdotes

150 2895 188 2956 et
213 2883 362 2978 levitaS,
390 2883 567 2978 clericos,
596 2883 688 2955 milit
674 2893 731 2956 tes
761 2907 966 2980 eorumque
993 2908 1129 2965 uxores
1158 2911 1243 2958 cum

103 3033 106 3040 ι
147 2983 289 3082 pueris,
308 2984 410 3056 cives
432 3009 516 3057 cum
536 2983 712 3056 uxoribus
731 2983 934 3081 puerisque
954 3008 1097 3082 eorum,
1124 2997 1160 3058 et
1180 2987 1244 3059 vil-

146 3085 254 3157 lanos
274 3084 388 3156 veluti
416 3109 552 3198 pecora
580 3087 823 3198 abducenteS,
849 3087 1021 3182 eligendo
1046 3111 1180 3158 senem
1207 3098 1244 3158 et

147 3187 268 3257 virum
288 3209 356 3256 sue
383 3185 491 3258 etatis
518 3185 781 3281 occidenteS,
773 3208 934 3264 iuvenes
957 3196 994 3256 et
1021 3186 1242 3259 iuvenculas

37 3296 39 3299 ’
148 3308 239 3397 pro
235 3285 385 3356 famulis
401 3285 678 3383 inperpetuum
698 3284 908 3381 alligantes.
945 3285 1039 3372 Quid
1054 3286 1159 3382 plura
1180 3312 1243 3358 au-

148 3383 265 3481 spicia
284 3383 320 3454 in
342 3385 475 3458 occisis
492 3384 713 3458 christicolis
730 3385 1005 3498 contemplatur
1023 3390 1068 3458 ab
1085 3387 1240 3459 eisdem.

146 3485 253 3558 Nullo
282 3494 407 3559 autem
434 3484 648 3580 resistente,
676 3484 758 3556 sine
777 3487 878 3558 omni
904 3486 1050 3558 lesione
1074 3497 1175 3559 terra
1205 3499 1242 3600 et

145 3561 360 3658 bominibus
391 3589 563 3658 devastat
510 3585 596 3658 tatis
631 3585 834 3660 exivertun
812 3586 1024 3660 tlllilites
1056 3611 1145 3658 vero
1179 3587 1240 3686 qui

143 3687 369 3782 aufugerant
388 3689 433 3758 ad
453 3698 618 3760 castrum
638 3686 957 3784 Sandomiriense,
976 3689 1153 3763 nuncium
1182 3713 1241 3762 ce-

142 3787 263 3860 lerem
290 3789 336 3859 ad
364 3788 526 3860 ducem
517 3813 553 3858 m
574 3788 813 3884 Cracoviam7
842 3788 978 3860 ibidem
1007 3799 1237 3884 manentem3

141 3885 446 3983 transmiserunt,
465 3888 526 3985 qui
546 3899 714 3983 stragem
735 3900 772 3960 et
791 3887 970 3960 seviciam
986 3888 1237 3987 predictorum

142 4011 393 4084 paganorum,
408 3989 544 4072 duciet
558 3989 756 4062 baronibus
773 4013 856 4060 cum
868 3989 1033 4062 lacrimis
1044 3989 1237 4064 intimavit.

143 4088 274 4162 Audito
290 4089 362 4166 hoc
377 4091 450 4164 dux
472 4088 626 4168 illustris
644 4087 783 4162 Lestko
806 4115 892 4165 cum
913 4091 1112 4164 baronibus
1133 4091 1223 4188 lugu

955 4188 1006 4264 5*
