3040 4856
429 324 644 398 annates
671 322 968 399 eououoxuu
994 324 1019 396 1.
1099 407 1101 413 ,
1224 323 1268 394 n

175 533 321 598 tantum
339 525 481 623 Ungari
499 525 692 600 christiani
711 548 865 597 causam
898 524 1002 598 ducis
1022 523 1072 622 ¹pii
1097 533 1136 596 ct
1156 521 1272 595 incliti

178 625 422 698 condolentes
449 629 516 700 sed
543 635 580 698 et
601 626 739 724 pagani
768 623 924 698 Comani
950 625 1030 698 eius
1054 624 1177 697 vicem
1201 624 1273 694 lor-

174 725 325 798 tissime
340 727 596 820 condolerunt‚
612 737 649 799 et
664 725 841 823 extimplo
857 749 942 798 cum
957 725 1053 797 dicto
1069 724 1164 796 duce
1183 725 1271 796 utri·

176 850 249 922 que
269 837 398 898 contra
417 826 554 898 milites
571 825 843 902 Cracovienses
859 835 896 897 et
909 827 1044 898 ducem
1059 826 1271 900 Conradum

111 987 115 990 .
175 925 277 999 acies
297 926 574 999 ordinaverunt.
627 925 794 998 Mirabile
819 919 929 1020 dictu,
960 923 1003 999 fit
1027 947 1271 1022 congressus,

173 1027 254 1099 Deo
270 1026 435 1122 iuvante,
454 1027 527 1098 dux
544 1026 684 1100 Lestko
700 1049 784 1098 oum
800 1025 930 1122 paucis
950 1025 1029 1099 suis
1048 1025 1270 1099 Cracovien·

174 1126 277 1200 sibus
296 1124 465 1199 fidelibus
486 1137 525 1205 et,
540 1127 701 1224 Ungaris
728 1126 980 1223 Comanisque
998 1125 1061 1198 vix
1078 1124 1269 1199 sexcentis

174 1229 308 1310 ducem
323 1227 535 1302 Conradum
555 1251 640 1300 cum
661 1250 799 1323 magna
819 1226 1053 1301 multitudiue
1071 1227 1269 1301 hominum

173 1326 337 1424 fugavit,
368 1327 547 1400 mactavit
570 1337 608 1400 et
639 1327 854 1425 captivavit,
887 1337 925 1399 et
949 1329 1004 1401 sic
1038 1351 1121 1398 cum
1148 1326 1268 1424 gloria

172 1429 218 1499 ad
246 1427 499 1500 Cracoviense
519 1437 684 1501 castrum
707 1426 904 1523 remeavit,
930 1430 1029 1525 quod
1048 1426 1172 1500 solum
1198 1425 1268 1499 sibi

172 1551 241 1623 per
251 1527 352 1603 cives
363 1527 636 1602 Cracovienses
656 1530 701 1599 de
715 1527 888 1600 omnibus
908 1530 1042 1601 castris
1061 1537 1160 1600 terre
1180 1527 1267 1600 Cra-

171 1628 360 1701 coviensis
387 1627 454 1700 fuit
478 1628 637 1700 fideliter
660 1638 912 1725 reservatum,
940 1629 1090 1701 domina
1116 1627 1267 1699 ducissa

170 1727 208 1799 in
234 1731 368 1801 eodem
388 1727 704 1825 castro,videlicet
721 1727 915 1826 Griphina,
941 1729 1143 1803 residente.
1196 1727 1266 1799 Pro

170 1853 243 1925 qua
269 1826 449 1901 fidelitate
469 1831 541 1901 dux
559 1827 695 1901 Lestco
715 1828 891 1926 predictis
912 1828 1054 1904 civibus
1075 1828 1266 1900 civitatem

169 1928 460 2003 Cracoviensem
479 1927 694 2003 fortissimis
709 1928 853 2026 plancis
866 1940 903 2001 et
921 1929 1088 2023 fossatis,
1102 1927 1264 2001 reniten-

168 2029 265 2102 tibus
287 2029 477 2124 militibus,
497 2031 629 2102 eodem
650 2053 748 2102 auno
765 2028 925 2102 munivit
943 2040 981 2103 et
998 2053 1158 2126 magnas
1178 2050 1264 2099 con·

167 2128 252 2201 tulit
268 2129 472 2202 libertates
540 2131 682 2203 Eodem
697 2153 796 2202 anno
811 2130 984 2227 sequenti
999 2130 1058 2202 die
1073 2137 1159 2227 post
1172 2128 1264 2200 nati·

167 2229 322 2302 vitatem
342 2229 496 2327 virginis
515 2230 631 2303 blarie
651 2231 739 2304 obiit
757 2229 888 2327 regina
909 2229 1101 2304 Bohemie.
1154 2231 1335 2305 Annosen.
1351 2252 1372 2298 o.

167 2333 300 2402 eodem
322 2331 395 2402 dux
413 2329 620 2404 Primislius
636 2329 789 2404 maioris
808 2330 961 2403 Polouie
976 2331 1078 2404 duxit
1093 2353 1263 2426 uxorem,

166 2429 280 2502 liliam
312 2429 414 2527 regis
445 2430 607 2525 Suecie,
643 2431 796 2504 nomine
818 2431 1012 2530 Rithcam,
1047 2433 1084 2502 in
1118 2429 1261 2504 octavis

167 2529 503 2621 sanotiFrancisci.
571 2605 580 2623 .
1271 2541 1321 2587 θοι
1334 2542 1370 2589 11-

246 2631 353 2704 1286.
391 2640 556 2702 castrum
590 2653 611 2700 a
643 2629 829 2702 Ruthenis
858 2641 895 2702 et
919 2654 941 2703 a
965 2631 1167 2703 Lithwanis
1196 2653 1261 2702 no-

165 2727 267 2802 mine
287 2729 430 2824 Gostyn
456 2728 659 2826 acquiritur
676 2731 807 2801 fraude
827 2729 1001 2802 videlicet
1019 2730 1178 2805 Conradi
1197 2733 1262 2804 du-

166 2828 234 2924 cis,
261 2829 541 2927 multorumque
568 2829 723 2927 sanguis
744 2829 890 2904 effusus
917 2841 976 2903 est
1002 2829 1195 2925 innoxius,
1223 2830 1259 2902 in

165 2932 299 3001 eodem
325 2942 558 3002 mortuorum
588 2941 625 3002 et
652 2929 885 3028 captivorum
920 2931 1087 3004 sexcenti
1117 2941 1154 3003 et
1181 2955 1259 3002 am·

162 3029 261 3127 plius
275 3040 362 3103 sunt
375 3030 572 3126 numerati.
607 3032 748 3104 Eodem
769 3056 867 3104 anno
883 3032 1056 3105 dominus
1071 3032 1258 3104 lohannes

163 3129 648 3229 Poznaniensisssepiscopus
664 3131 833 3228 moritur,
855 3133 914 3205 cui
935 3132 1108 3206 dominus
1127 3133 1259 3205 lohan-

163 3254 232 3304 nes
251 3231 405 3303 traditor
430 3232 615 3305 successit
642 3243 679 3304 et
705 3233 743 3303 in
767 3234 895 3306 Lenda
924 3234 1086 3306 claustro
1107 3233 1258 3306 Griseo-

161 3354 245 3401 rum
264 3330 301 3401 in
321 3330 541 3428 episcopum
568 3342 821 3404 consecratur.
881 3334 989 3404 Anno
1022 3335 1156 3406 eodem
1183 3336 1257 3405 dux

161 3430 375 3503 Bernardus
403 3431 571 3527 moritur,
604 3431 702 3504 filius
731 3432 907 3527 Bolezlay
933 3434 1112 3530 Rogatce.
1188 3435 1257 3506 Eo·

161 3532 248 3603 dem
267 3554 365 3603 anno
386 3541 472 3628 post
490 3531 794 3628 assumpcionem
816 3536 925 3605 beate
949 3533 1105 3631 virginis
1125 3533 1363 3630 Mariamme.

159 3641 325 3703 castrum
340 3631 522 3705 Plooense
539 3632 756 3705 aWolkone
771 3635 865 3705 duce
880 3633 1059 3707 Rrecensi
1075 3644 1111 3706 et
1124 3634 1255 3706 Lanci-
1352 3665 1355 3672 ·

159 3730 277 3804 ciensi
295 3732 508 3829 acquiritur.
581 3734 664 3805 Dux
682 3733 848 3807 Mazovic
868 3736 1061 3810 Conradus
1082 3758 1166 3806 curn
1186 3725 1333 3840 mi-,l‘gfffl

156 3831 281 3904 litibus
301 3831 480 3907 Cracovie
500 3844 538 3904 et
555 3833 790 3907 Sandomirie
809 3844 992 3908 conantur
1007 3836 1130 3907 eicere
1148 3833 1254 3908 Lest-

157 3956 293 4006 conem
313 3942 350 4005 et
369 3932 557 4006 civitatem
577 3940 798 4030 conburunt,
827 3935 896 4008 sed
921 3959 1008 4009 cum
1034 3935 1170 4008 auxilio
1195 3959 1253 4008 re·

138 4088 140 4091 .
158 4031 216 4128 gis
235 4033 400 4131 Ungarie
420 4032 627 4122 vincuntur.
