3040 4856
350 447 352 454 ¹
402 357 618 433 nonanus
646 357 943 433 ronchonuu
970 359 994 433 1.
1202 361 1250 434 65

151 561 279 676 ximus.
292 561 329 632 in
344 560 544 658 planiciem
564 563 754 632 deducens
769 569 870 630 terre
886 556 1036 655 penitus
1053 558 1251 655 coequavit

152 660 251 734 etin
278 663 415 760 populo
443 671 610 756 stragem
638 659 727 732 fecit
754 658 1020 731 miserabilem
1082 659 1222 731 Nam
1212 684 1249 730 m

152 765 315 859 quodam
335 763 497 834 claustro
523 759 775 854 Cysterciensi
804 758 1075 856 quinquaginta
1099 783 1250 832 sorores

152 862 304 949 occidit·
333 861 475 934 etaha
496 861 730 932 mulamala
750 861 967 932 factasunt
1059 860 1168 930 Anno
1188 869 1360 931 eoves-1⁰·

151 966 238 1035 dem
259 962 349 1034 obiit
367 963 556 1058 gloriosus
587 960 761 1058 princeps
789 958 1001 1072 bolezlaus⁷
1019 956 1117 1032 filius
1144 960 1250 1032 Lest-

153 1063 257 1134 conis
293 1060 358 1132 filii
394 1061 590 1156 Kazimiri,
623 1065 696 1133 dux
724 1059 968 1135 Cracovieet
1002 1059 1249 1133 Sandomirie.

151 1163 233 1234 Fuit
251 1173 378 1234 autem
396 1163 510 1233 homo
539 1172 680 1257 castus7'
707 1161 878 1258 pudicus,
907 1159 1053 1234 sobrius
1083 1171 1122 1232 et
1146 1185 1250 1232 man·

153 1273 298 1357 suetus,
325 1262 415 1334 nulli
443 1263 583 1334 malurn
611 1287 678 1359 pro
706 1262 805 1333 malo
831 1263 1007 1356 reddenS,
1034 1261 1248 1339 libertatum

153 1362 316 1434 ecclesie
328 1372 583 1459 conservator,
599 1362 757 1434 militum
772 1385 885 1433 verus
902 1372 1060 1457 amator,
1080 1362 1164 1458 quia
1179 1361 1249 1456 sibi

153 1462 268 1534 nichil
287 1463 484 1558 retinebat,
504 1465 570 1536 sed
590 1464 726 1534 omnia·
736 1462 912 1534 militibus
932 1461 1173 1558 largiebatur,
1192 1485 1249 1533 re-

151 1562 372 1659 ligiosorum
397 1563 565 1635 omnium
590 1563 660 1635 fuit
677 1563 794 1636 benef
792 1573 905 1635 actor.
951 1561 1066 1634 Cuius
1087 1573 1249 1634 mortem

151 1687 225 1734 non
246 1664 369 1735 solum
383 1673 484 1735 terre
500 1663 652 1759 domini,
672 1662 792 1735 eciam
807 1662 928 1734 vicine
943 1662 1134 1760 provincie
1149 1663 1249 1760 prin-

151 1763 255 1861 cipes
281 1777 333 1835 ac
364 1764 502 1836 milites
527 1761 772 1863 defleverunt
834 1763 1020 1860 Regnavit
1045 1774 1108 1835 aut
1111 1787 1171 1836 ern
1200 1767 1248 1837 37

149 1864 273 1958 annis,
298 1864 387 1936 obiit
414 1889 460 1936 au
463 1873 541 1936 tem
568 1860 650 1936 sine
684 1863 801 1960 prole.
862 1863 929 1936 Cui
963 1863 1149 1936 successit
1180 1887 1249 1976 per

149 1963 381 2036 eleccionem
419 1968 492 2037 dux
514 1964 664 2058 Lestco‚
690 1962 789 2035 filius
814 1962 1004 2059 Kazimiri7
1031 1965 1104 2036 frat
1089 1973 1148 2036 ter
1166 1965 1248 2036 eius

148 2064 330 2161 patruelis
349 2063 413 2134 lilii
432 2065 602 2138 Conradi.
646 2066 747 2137 Uxor
763 2073 891 2135 autem
910 2087 1001 2135 vero
1022 2064 1143 2160 Kinga
1162 2074 1250 2161 post

151 2165 384 2261 sepulturam
399 2163 523 2236 mariti
538 2165 595 2236 sui
611 2165 769 2262 suscipit
781 2164 949 2236 habitum
961 2164 1101 2236 ordinis
1117 2174 1248 2236 sancte

150 2265 260 2338 Clare
284 2289 370 2336 cum
384 2288 515 2337 sorore
529 2266 712 2361 loheleth,
731 2263 859 2336 relicta
874 2264 1046 2358 Bolezlay
1062 2264 1166 2337 ducis
1181 2266 1248 2336 Po-

148 2365 262 2460 lonie7
290 2389 362 2461 que
387 2367 538 2437 fuerunt
557 2365 700 2438 uterine
728 2388 892 2452 sorores
926 2363 1001 2437 lilio
1027 2366 1117 2438 Bele
1144 2365 1246 2462 regis

149 2465 327 2560 Ungarie.
409 2465 647 2560 lngrediente
682 2468 775 2538 duce
810 2466 1023 2562 supradicto
1058 2466 1246 2539 Lestcone

151 2564 372 2637 Cracoviam
406 2587 492 2633 cum
527 2588 643 2635 uxore
682 2588 749 2635 sua
783 2565 976 2661 Griphina³
1009 2565 1106 2638 lilius
1141 2567 1245 2639 ducis

151 2662 362 2734 Zemovithi
388 2663 565 2758 Cuyavie7
592 2686 687 2760 puer
711 2663 889 2760 parvulus
917 2664 1069 2735 nominc
1096 2666 1246 2760 Lestcm

151 2765 290 2836 sedens
320 2762 357 2835 in
388 2762 471 2834 sinu
495 2763 674 2860 Griphine
695 2763 933 2860 prophetavit
963 2763 1114 2837 dicens:
1142 2765 1269 2860 Arida.

147 2869 296 2958 patruo,
323 2888 402 2936 ecce
428 2866 610 2958 luparios
627 2863 744 2952 filium
764 2864 956 2977 paruulum
984 2867 1043 2959 qui
1061 2867 1248 2938 uocabitur

151 2964 259 3035 Bolez
242 2965 352 3056 ⁷laus,
381 2975 417 3035 et
435 2965 507 3036 hoc
525 2964 771 3062 frequenter
761 2963 910 3037 iteravit
927 2964 1252 3061 interrogantibus
1365 3004 1368 3012 ·

151 3086 239 3134 eum
258 3064 494 3159 dominabus7
514 3088 585 3162 quc
605 3064 814 3137 sedebant
805 3090 842 3135 in
862 3089 984 3153 curru
1005 3075 1041 3137 et
1027 3065 1117 3137 tille
1132 3066 1247 3138 nichil

150 3163 311 3260 amplius
330 3164 535 3261 respondit
566 3165 752 3262 Griphina
767 3175 847 3238 erat
865 3166 969 3238 ducis
990 3166 1187 3261 Roczislay
1208 3179 1246 3239 et

150 3274 272 3336 mater
292 3265 410 3335 Anna

228 3365 334 3436 1280.
351 3364 469 3459 primo
486 3388 584 3435 anno
599 3363 799 3437 eleccionis
815 3364 918 3437 ducis
929 3366 1127 3439 Lestconis
1142 3368 1245 3444 venit

147 3464 224 3535 Leo
240 3465 313 3535 dux
328 3463 443 3536 Rusie
459 3488 544 3535 curn
560 3464 725 3536 exercitu
748 3465 903 3562 copioso
920 3466 1187 3539 Thartarorum
1208 3479 1245 3541 et

146 3562 424 3638 Lithwanorum
445 3575 481 3636 et
495 3565 752 3637 Ruthenorum
771 3566 904 3638 volens
920 3567 1114 3664 possidere
1134 3571 1244 3640 duca-

148 3674 228 3736 tum
244 3666 424 3738 Cracovie
445 3675 482 3736 e
467 3664 741 3739 t.Sandomirie
781 3665 863 3740 ‘Cui
892 3678 1140 3744 occurrerunt
1155 3671 1241 3744 Cra·
1266 3681 1331 3726 Febr·

148 3763 347 3837 covienses
375 3775 413 3836 et
439 3765 725 3838 Sandomirite
715 3791 753 3837 m
772 3766 897 3863 vigilia
916 3768 1055 3840 Mathia
1081 3770 1242 3867 apostoli
1280 3737 1316 3784 ω

147 3865 292 3940 feriab.
314 3865 411 3937 circa
438 3866 598 3961 Goslicz,
625 3866 800 3939 videlicet
826 3868 958 3940 Petrus
984 3867 1082 3942 filius
1102 3871 1241 3943 Alberti

148 3964 430 4060 Cracoviensis
459 3964 651 4039 lanussius
677 3966 831 4064 palatini
856 3968 1103 4066 Sandomirie,
1122 3975 1241 4044 Varso

149 4067 377 4139 castellanus
408 4067 670 4140 Cracoviensis
700 4069 745 4138 ad
776 4091 928 4140 manum
957 4094 1041 4142 cum
1069 4073 1144 4145 600
1176 4074 1243 4144 ho·

148 4165 309 4240 minibus
320 4178 356 4239 et
364 4169 937 4266 prostraveruntTartharorum3
951 4170 1243 4268 Lithwanorum,

964 4276 988 4346 5
