3060 4828
271 309 321 382 rs
548 309 765 386 Asunsss
792 307 1096 390 pascuosam

272 531 384 604 neque
402 516 664 606 assequentem
685 515 742 604 ta,
761 511 916 585 editores
936 512 1194 587 Chronicnrum
1213 513 1365 587 Poiono-

271 632 413 703 norum,
432 632 546 702 supro
565 609 631 683 SS.
653 611 687 682 T.
708 611 767 684 itt.
783 637 819 706 p.
839 613 909 686 421
932 620 966 685 et
978 613 1063 706 422,
1083 637 1237 709 quorum
1255 616 1366 687 verba

271 709 327 780 hic
351 715 508 802 repetere
534 711 569 780 in
596 711 717 782 animo
743 719 903 785 nonest.
945 711 1116 785 Arndtius
1149 713 1365 787 Warsauiae

273 809 424 882 annales
442 809 598 882 contulit.

349 907 414 1001 ia)
433 907 489 979 En
506 931 576 980 uno
595 907 784 1005 eodemque
808 910 907 993 fonte
926 933 972 982 nc
990 911 1105 984 eodan
1132 918 1148 985 1
1177 915 1280 996 duait
1306 937 1366 984 co·

237 1025 240 1034 ·
271 1007 339 1080 dea
366 1007 587 1080 Puiuviensis
608 1010 809 1102 principum
839 1009 1188 1106 Czartaryseiarum,
1222 1035 1266 1084 ea
1294 1037 1363 1108 quo

257 1105 468 1198 'descriptos
483 1108 634 1182 annates
647 1110 749 1182 nohis
763 1111 858 1182 misit
868 1111 909 1182 ci.
924 1133 955 1183 v.
969 1111 1150 1206 Aupustus
1165 1111 1363 1207 Bieiowshi,

271 1207 520 1300 Leopaiieusis.

345 1307 554 1379 Notandum
574 1305 727 1380 annales
745 1307 945 1382 vindicatos
961 1310 1072 1395 fuisse
1100 1333 1123 1380 u
1142 1312 1227 1382 viris
1250 1309 1364 1384 doctis

270 1407 448 1479 Paianieis
475 1405 652 1478 ihrathae
674 1408 728 1479 vei
742 1407 925 1480 Thrnshac
943 1409 1098 1502 cuidam,
1119 1433 1225 1504 quum
1244 1412 1279 1482 in
1296 1415 1365 1498 fine

269 1509 452 1601 utriusque
470 1506 614 1599 codicis,
633 1512 808 1578 enarrata
828 1508 916 1580 heito
935 1510 1030 1602 repis
1042 1509 1218 1580 Kuzimiri
1235 1517 1364 1583 eontra

268 1607 449 1679 Rutheuos
465 1605 555 1678 haec
566 1606 674 1677 verba
693 1606 878 1700 iepautur:
897 1607 1062 1680 Thratka
1079 1611 1156 1700 (la.
1172 1609 1362 1705 Thraska)

270 1705 391 1780 eciam
413 1704 482 1776 fuit
505 1705 660 1800 ibidem,
678 1705 743 1777 sed
767 1707 945 1802 quomodo
963 1708 1053 1780 haec
1067 1709 1230 1802 prodant
1245 1733 1361 1783 anna·

270 1807 354 1879 lium
381 1811 577 1898 auctorem,
596 1807 786 1880 nescimus.

344 1907 389 1978 11.
409 1904 454 2002 2)
469 1905 583 1978 eaden
601 1906 738 1978 archivi
755 1907 843 2000 repii
855 1905 1132 2001 Repiomontani
1148 1907 1190 1980 B.
1212 1910 1273 2003 28,
1305 1911 1365 1982 uhi

271 2005 422 2078 annales
440 2007 511 2076 trin
530 2005 670 2099 cupient
685 2004 777 2091 folia
795 2006 930 2078 ultima.
964 2009 1126 2080 Continet
1143 2008 1258 2080 codes
1274 2011 1366 2081 inter

270 2107 344 2204 aiio
363 2109 470 2178 etiam
496 2105 769 2178 translationem
793 2105 959 2199 Wipandi
981 2107 1024 2178 dc
1043 2106 1238 2202 Marhurp,
1266 2111 1365 2181 iussu

268 2205 442 2278 Iohannis
459 2204 631 2299 Diapossi
649 2229 672 2276 a
691 2205 818 2276 clerico
838 2207 994 2299 quodam
1012 2214 1095 2299 past
1112 2231 1244 2278 annum
1267 2209 1363 2279 1464

270 2301 481 2398 institutam,
499 2305 568 2378 hoc
593 2307 684 2378 enirn
711 2328 808 2376 cinno
833 2304 1033 2400 Diapossus
1062 2307 1277 2400 Thomniae,
1304 2306 1364 2378 uhi

269 2406 384 2479 codes
393 2407 547 2496 scriptus
561 2410 622 2498 est,
642 2428 716 2475 una
731 2428 809 2476 curn
825 2407 949 2478 ceteris
967 2407 1095 2501 iepatis
1109 2406 1151 2478 de
1163 2429 1253 2500 paee
1268 2409 1361 2478 inter

270 2505 431 2577 ordinem
453 2504 744 2577 Theutonioorum
767 2507 925 2590 fratrum
951 2513 984 2578 et
1000 2507 1215 2579 Poianorum
1245 2529 1363 2601 nepem

269 2610 479 2698 tractantes,
506 2610 668 2677 versatus
687 2611 742 2678 cst
758 2603 824 2699 (cf.
844 2605 911 2677 SS.
931 2629 1000 2678 rer.
1026 2607 1149 2679 Pruss.
1166 2607 1195 2699 Ι,
1216 2608 1299 2680 665.
1316 2605 1363 2698 ΙΙ,

271 2703 388 2801 136),
415 2711 448 2776 et
468 2712 509 2777 ut
533 2729 576 2776 en
600 2728 666 2778 suo
693 2728 793 2778 rnore
812 2729 951 2799 semper
968 2705 1141 2777 historiae
1166 2708 1285 2790 fontes
1311 2707 1363 2775 in-

270 2804 490 2899 vestipahut,
515 2805 638 2879 incidit
655 2807 762 2877 etiam
781 2807 816 2876 in
841 2805 1008 2899 Wipandi
1032 2803 1238 2896 chronicon,
1258 2804 1363 2898 idque

270 2905 322 2978 ad
344 2927 448 2978 usum
470 2927 574 2977 suum
597 2912 720 2998 waptinn
744 2906 822 2992 heri
847 2905 997 2977 curauit.
1042 2902 1115 2974 Sed
1141 2903 1263 2974 soriha
1290 2905 1364 2974 sive

268 3003 470 3077 translator
486 3003 554 3076 hoe
571 3028 642 3077 non
660 3011 854 3095 contentus,
882 3003 1064 3097 diiipcntia
1082 3026 1152 3074 suo
1179 3005 1306 3095 effecit,
1325 3009 1364 3074 ut

266 3103 375 3196 plura
392 3106 428 3176 in
447 3129 554 3176 unum
572 3105 752 3198 eaiiipcret
769 3126 880 3196 opera
898 3103 1068 3174 historica
1086 3101 1196 3198 iisque
1222 3101 1363 3173 demum

269 3203 479 3299 odiunperet
498 3204 650 3276 annales
665 3201 881 3297 praedictos.
924 3203 1022 3276 Certe
1048 3203 1237 3274 hosanna
1266 3202 1362 3274 1466
1388 3287 1391 3291 ,
1437 3213 1439 3216 ’

269 3303 323 3376 uei
334 3304 449 3399 paulo
466 3311 551 3398 post
567 3304 763 3397 descripsit,
782 3326 888 3397 quum
909 3302 1184 3376 adnotationem
1204 3324 1239 3372 a.
1266 3302 1362 3376 1312

269 3402 397 3499 (immo
421 3404 536 3499 1269)
556 3404 599 3476 de
616 3403 848 3476 inundatione
873 3403 1001 3475 Wisiae
1023 3405 1118 3488 duvii
1145 3407 1363 3474 tractantem

267 3505 377 3576 uerba
387 3503 554 3576 adderet:
570 3502 748 3576 Similiter
762 3526 859 3575 anno
878 3505 973 3577 1466
983 3503 1231 3576 anteThorun
1242 3500 1362 3573 valde.

268 3603 450 3676 Annorum
462 3607 601 3675 numeri
618 3605 716 3675 initio
735 3604 820 3674 hene
831 3602 1104 3694 concordantes,
1112 3608 1199 3696 post
1210 3625 1244 3671 a.
1263 3601 1358 3674 1162

269 3710 407 3776 tuntum
427 3703 623 3777 abscedunt
641 3727 664 3775 a
682 3705 793 3794 iustis,
814 3711 863 3796 ut,
881 3705 912 3774 si
929 3725 1001 3772 non
1017 3701 1112 3786 t'eiici
1138 3707 1235 3774 sorte
1260 3701 1362 3772 nohis

268 3807 474 3900 contipisset
498 3802 639 3878 codices
654 3801 943 3896 Petropoiitnnos
961 3804 997 3873 in
1015 3807 1197 3874 certamen
1216 3823 1361 3890 uocarc,·

268 3905 401 3976 nulium
419 3907 495 3990 fere
512 3907 669 3989 fructum
687 3927 730 3974 en
747 3903 869 3976 codice
886 3902 945 3974 iiio
972 3903 1196 3996 cepissemus.
1233 3899 1362 3974 Codice

268 4004 474 4076 Beroiinum
491 4007 601 4076 misso
620 4005 671 4075 uti
687 4004 794 4076 licuit.

342 4103 405 4176 ΙΙΙ.
433 4103 550 4176 Huius
568 4103 697 4176 classis
714 4103 786 4176 duo
806 4103 925 4175 adhuc
942 4105 1134 4174 serrantur
1160 4099 1300 4172 codices
1325 4099 1362 4172 in
