3040 4856
285 370 358 446 110
525 363 738 441 nnnntus
765 363 1138 439 nncnounrtsns,

285 589 384 638 anno
403 563 587 662 piscinam
607 563 840 660 superiorem
870 561 967 636 circa
995 561 1171 634 allodium
1199 573 1237 636 01
1260 562 1296 634 in
1317 585 1376 635 se·

285 666 414 762 quenti
433 687 529 736 anno
550 663 660 736 aliam
680 664 895 736 inferiorem
915 662 1100 760 piscinam
1128 662 1376 738 consumavit.

364 767 469 839 1410.
505 765 664 837 domnus
694 763 854 834 Michael
887 764 970 860 ipso
1001 765 1154 836 domum
1189 772 1378 834 muratam

286 864 397 936 sitam
423 865 469 936 ad
493 875 640 959 partem
672 861 856 960 aquilonis
888 862 988 936 iuxta
1019 862 1230 936 brazorium
1254 887 1377 936 mura·

285 975 365 1036 tum
384 965 481 1060 quod
516 963 635 1036 eciam
662 962 761 1036 idem
789 963 1003 1060 prepositus
1031 973 1118 1035 aute
1142 964 1301 1056 fecerat³
1329 987 1377 1034 ex

285 1064 432 1159 integro
461 1063 704 1136 consumavit.
774 1064 866 1136 ltem
894 1066 1027 1136 eodem
1067 1087 1165 1134 anno
1191 1063 1377 1160 templum

287 1187 372 1236 cum
395 1163 548 1260 plumbo
581 1162 672 1234 texit
705 1172 742 1234 et
767 1163 886 1234 eciam
913 1162 1142 1237 testudinem
1170 1162 1206 1234 in
1233 1163 1376 1258 templo

287 1273 326 1336 et
342 1263 467 1336 omnia
487 1262 580 1334 vitra
597 1261 1023 1357 infenestrisordinavit,
1041 1261 1251 1336 sacristiam
1263 1285 1377 1338 unam

286 1363 385 1437 circa
402 1362 594 1458 antiquam
614 1371 652 1436 et
670 1363 780 1437 aliam
798 1362 1008 1436 sacristiam
1028 1387 1073 1435 ex
1093 1373 1198 1459 parte
1218 1361 1377 1434 civitatis

287 1462 407 1538 eciam
427 1464 561 1534 eodem
581 1487 678 1534 anno
698 1462 795 1534 fecit.
1231 1488 1234 1493 ’

365 1565 471 1636 1409.
510 1561 680 1633 cruciferi
717 1561 958 1635 Prulinenses
988 1573 1128 1635 terram
1158 1560 1378 1634 Dobrinien·

286 1685 369 1736 sem
402 1664 704 1753 devastaverunt,
744 1672 908 1734 castrum
941 1662 1101 1734 Zlotoria
1129 1661 1267 1734 dictum
1297 1662 1379 1732 fun-

286 1762 384 1838 ditus
402 1762 610 1857 fregerunt,
628 1761 876 1834 Dobriniense
899 1771 1065 1836 castrum
1091 1765 1379 1856 conbusserunt,

286 1860 523 1934 Bovrowniki
543 1871 708 1934 castrum
733 1872 1022 1958 occupaverunt.
1098 1861 1239 1933 Eodem
1277 1883 1377 1932 anno

286 1985 352 2038 tex
379 1961 604 2037 Wladislaus
640 1960 812 2054 Polonie,
847 1961 1005 2034 nacione
1037 1960 1264 2056 Littwanns7
1293 1985 1378 2032 cum

293 2061 456 2132 maxima
482 2071 595 2157 gente
615 2071 744 2134 contra
771 2063 926 2132 eosdem
946 2060 1148 2138 cruciferos
1169 2060 1379 2157 expedicio·

287 2185 376 2234 nem
405 2160 505 2253 fecit,
533 2164 599 2235 sed
634 2171 724 2232 tunc
759 2184 825 2232 rex
851 2161 1032 2232 Bohemie
1065 2161 1377 2257 000000010ςο-

193 2284 243 2328 00.
254 2280 276 2328 0.
286 2271 346 2334 tos
367 2260 453 2332 10011
472 2270 624 2356 treugas
643 2259 741 2332 inter
759 2270 935 2356 utrasque
949 2270 1091 2357 partes,
1110 2259 1165 2333 sic
1185 2258 1372 2356 expedicio

287 2360 404 2442 nostri
419 2363 521 2455 regis
537 2383 610 2432 non
627 2359 694 2432 fuit
708 2370 833 2456 optato
849 2359 923 2432 fine
940 2370 1171 2434 consumata.
1236 2359 1373 2433 Eodem

288 2485 387 2535 anno
414 2462 573 2532 domnus
600 2460 731 2532 Petrus
768 2459 969 2558 episcopus
1003 2458 1263 2532 Craooviensis
1291 2481 1375 2530 cnm

287 2559 485 2634 blsczislao
511 2562 644 2632 abbate
669 2562 715 2631 (10
742 2559 903 2652 Tynczia
929 2560 1136 2634 Ierusalem
1163 2559 1379 2656 sepulcrum

286 2659 436 2738 Domini
455 2659 701 2734 visitaverunt
720 2669 757 2732 et
774 2683 872 2733 anno
892 2661 1064 2756 sequenti
1083 2660 1303 2734 Cracoviam
1321 2681 1380 2729 re·

288 2770 485 2834 venerunt.

338 2859 444 2939 Anno
471 2857 620 2931 Domini
648 2861 753 2934 1410.
787 2858 1012 2934 Wladislaus
1045 2881 1111 2930 rex
1138 2857 1289 2931 Polonie
1315 2883 1381 2936 nn·

290 2959 397 3032 cione
431 2959 632 3033 Littwanns
658 2982 732 3029 una
758 2983 845 3032 cum
880 2959 992 3030 fratre
1017 2982 1085 3030 sno
1120 2958 1261 3030 Vitoldo
1283 2961 1380 3034 duce

290 3081 469 3156 supremo
497 3058 690 3131 Littwanie
723 3058 935 3135 habuerunt
971 3058 1108 3132 bellurn
1137 3081 1223 3130 cum
1261 3058 1379 3130 cruci-

180 3188 222 3232 m.
246 3156 380 3233 nferis
405 3157 498 3228 feria
523 3160 556 3230 3.
575 3157 657 3254 ipso
689 3157 748 3229 die
776 3157 966 3232 divisionis
986 3156 1242 3254 apostolorum
1263 3167 1381 3254 'prope

290 3257 480 3333 civitatem
508 3259 769 3351 Dambrowno,
796 3257 833 3328 in
866 3281 1000 3353 campo
1032 3257 1128 3330 dicto
1155 3258 1380 3352 Grindwald⁷

199 3373 202 3380 '
290 3356 496 3454 vulgariter
513 3356 757 3453 Zelone·pole
778 3357 892 3452 dict03
921 3357 981 3430 ubi
1005 3356 1178 3428 dominus
1196 3357 1298 3428 Dens
1314 3358 1379 3434 Ι(10-

291 3458 343 3530 dit
376 3457 498 3530 eidem
534 3460 670 3536 domno
704 3456 786 3551 regi
822 3466 938 3528 totam
972 3455 1165 3528 victoriam
1199 3455 1380 3550 obtinere,

292 3560 389 3654 quod
417 3557 606 3634 incudem
628 3557 723 3632 bollo
752 3581 819 3628 seu
846 3555 1019 3630 conflictu
1038 3556 1214 3654 prostrati
1232 3559 1381 3629 fuorunt

291 3657 475 3754 magister
502 3656 671 3749 Prussie,
699 3682 719 3729 0
754 3658 831 3730 suis
859 3657 1068 3734 marsalous
1098 3659 1381 3734 commendator,

291 3761 337 3832 de
371 3754 553 3830 Gdanczk
589 3767 626 3830 et
656 3755 715 3828 alii
749 3780 861 3852 qnam
892 3758 1020 3853 plures
1053 3759 1381 3834 commendatores

196 3892 199 3896 ’
293 3868 332 3932 01
363 3858 442 3931 fere
471 3881 605 3932 omncs
638 3855 809 3953 pociores
837 3858 1104 3938 cruciferorum
1131 3867 1219 3938 tunc
1260 3855 1298 3928 in
1324 3880 1384 3928 eo·

292 3961 379 4031 dem
414 3958 513 4032 bello
546 3956 770 4039 ceciderunt.
822 3957 949 4038 Eciam
985 3958 1104 4038 multa
1140 3957 1240 4040 milia
1277 3959 1383 4028 baro-

293 4081 383 4130 num
417 4067 454 4130 et
480 4057 658 4133 nobilium
686 4081 780 4154 quos
805 4059 1059 4130 conduxerant
1083 4060 1129 4130 de
1157 4057 1292 4150 Misna,
1316 4056 1385 4130 Ba-

292 4155 419 4253 waria,
437 4159 484 4236 (10
502 4158 621 4254 Reno,
639 4160 685 4230 de
704 4157 899 4255 Bohemia,
913 4157 1046 4231 sresia
1067 4168 1104 4230 et
1131 4155 1318 4253 Ungaria,
1339 4157 1385 4226 de
