3060 4828
289 333 337 408 48
552 329 767 404 ANNALES
793 322 1100 406 POLONORUM.

282 534 447 627 parcetis,
474 537 570 604 totus
595 532 838 626 complectitur
863 532 938 606 279
963 532 1139 626 popinas,
1168 535 1380 626 aratroque

287 633 399 704 latere
417 655 528 704 uranu
549 634 737 704 recentiori
763 635 919 704 nunmris
931 629 1095 702 Arabicis
1115 631 1289 723 oppositis
1306 632 1378 724 sip-

286 737 406 823 nutas,
426 754 519 826 querc
536 733 881 804 sistuntconteetum.
909 732 1064 803 Litteras
1082 730 1235 802 initiales
1252 729 1379 824 ulique

287 832 447 904 locorum
464 833 676 924 praeposuit
692 832 867 903 recentior
884 853 1014 903 manus
1032 830 1217 923 capitibus.
1255 830 1378 901 Prima

285 931 400 1002 solum
419 930 538 1026 littera
556 931 700 1002 initialis
721 928 771 1022 Ο,
799 952 922 1024 nempe
953 932 988 1000 in
1007 953 1091 1001 uoce
1111 929 1242 1002 Ortum
1262 930 1380 1022 operis

285 1030 468 1102 Dzirswae
482 1029 729 1124 praecedentis
737 1027 885 1100 Martini
895 1028 988 1101 Galli
1005 1029 1207 1123 chronicon,
1226 1027 1380 1121 adspici-

285 1136 510 1222 turnucum,
530 1129 713 1223 quadrato
740 1128 918 1222 caeruleo,
943 1134 1057 1200 iotam
1087 1128 1293 1200 columnam
1316 1131 1379 1199 im-

285 1229 395 1324 plenti
421 1231 583 1302 inarata.
622 1229 765 1302 Primae
791 1250 928 1324 quoquc
943 1230 1102 1322 popinae
1126 1253 1218 1322 pars
1245 1231 1317 1299 imo
1341 1232 1378 1298 in

286 1331 449 1423 marpine
465 1329 627 1422 praefert
646 1351 792 1422 annum,
812 1330 954 1400 auratis
967 1328 1091 1400 litteris
1105 1329 1301 1400 nonoribus
1319 1350 1378 1398 ee-

285 1429 443 1521 lciliitum,
470 1451 539 1523 quo
565 1427 679 1500 coelen
701 1428 797 1499 hicce
823 1429 976 1520 scriptus
994 1451 1071 1498 esse
1089 1427 1244 1500 videtur:
1269 1426 1378 1498 Liber

288 1526 479 1624 magnifici
506 1528 632 1599 domni
660 1526 758 1599 Petri
784 1531 830 1598 de
859 1526 1091 1599 Schamotuli
1121 1526 1379 1600 castellania

289 1627 475 1724 capitanei
493 1625 763 1699 Poznaniensis
787 1630 892 1700 1471.
909 1628 1246 1700 -Praemittuutur
1264 1626 1379 1698 codici

287 1727 601 1800 dissertatiuncula
628 1726 738 1798 rnna.
759 1727 911 1820 Czacirii,
938 1727 1108 1800 idiomate
1139 1727 1308 1801 Polonieu
1335 1726 1378 1798 ele

287 1829 362 1899 eius
386 1833 551 1898 contentu
571 1828 770 1920 composita
789 1833 824 1898 et
841 1827 887 1898 alr
909 1850 950 1898 eo
972 1829 1124 1921 propria
1146 1851 1257 1900 mcinu
1281 1850 1384 1898 auno.

290 1926 609 2020 1798subseripta,
630 1933 735 2024 atque
749 1927 1024 1998 iterumlueoior
1034 1926 1224 2021 descriptio
1243 1951 1377 2020 eorum,

287 2050 379 2122 quae
411 2029 447 2098 in
482 2026 603 2099 codice
635 2027 704 2098 hoc
729 2029 969 2119 continentur,
999 2029 1115 2120 facta,
1143 2029 1180 2098 m'
1203 2027 1326 2119 fallor,
1354 2050 1377 2097 a

238 2138 241 2143 ’
287 2126 425 2198 Ioanne
438 2125 702 2219 Danlauocio,
722 2128 822 2196 cuius
832 2125 966 2198 redolet
974 2127 1114 2219 stylum,
1132 2129 1261 2211 forsan
1279 2130 1378 2198 iussu
1512 2158 1514 2164 ·

287 2225 342 2297 uel
370 2225 438 2298 los.
456 2223 565 2298 Andr.
583 2225 751 2318 Zaluscii‚
771 2226 826 2297 uel
837 2225 1012 2298 Stanislai
1025 2227 1173 2320 Aupusti
1189 2229 1292 2319 repis,
1307 2249 1376 2318 quc
1503 2303 1505 2308 .

287 2330 437 2397 curante
455 2325 568 2397 codes
585 2348 724 2421 quoque
742 2327 874 2397 recenti
900 2325 1058 2420 lipotura
1078 2332 1286 2416 compactus
1313 2331 1375 2416 est,

287 2431 328 2497 ut
343 2425 504 2497 indicant
522 2448 629 2497 terma
648 2428 749 2520 rapui
766 2431 801 2496 et
817 2429 910 2519 repis
933 2429 969 2496 in
993 2427 1109 2520 priori
1125 2431 1240 2519 parte,
1260 2449 1306 2496 ac
1323 2447 1377 2494 se·

287 2547 397 2620 quens
413 2526 596 2620 inscriptio
614 2527 651 2596 in
669 2532 828 2597 eutrema
847 2525 1026 2620 lipaturae
1043 2533 1147 2618 parte
1166 2527 1308 2596 auratis
1326 2523 1379 2595 lii·

287 2626 371 2696 leris
388 2626 583 2720 impressa:
600 2624 888 2699 STANISLAUS
897 2625 1146 2698 AUGUSTUS
1169 2627 1175 2716 Ι
1198 2625 1293 2698 REX
1303 2623 1379 2696 PO-

286 2723 534 2798 LONIARUM
555 2730 562 2820 Ι
585 2723 904 2800 SAECULORUM
925 2725 1232 2799 POSTERITA'l'l
1256 2727 1264 2816 Ι
1286 2724 1380 2795 VIN-

287 2824 428 2897 DICAT
451 2828 458 2918 Ι
481 2824 516 2896 .“
537 2866 582 2878 --
600 2826 801 2921 Lepebatur
819 2833 936 2898 autem
960 2828 996 2896 in
1014 2825 1135 2896 codiee
1157 2822 1379 2918 primoloco

287 2924 472 2996 Dzirswae
496 2924 701 3021 chronicon,
725 2925 821 3020 quod
844 2924 1064 3016 eucipiebant
1090 2921 1246 2995 Annales
1271 2947 1379 3016 prae-
1448 2960 1465 2990 ι

287 3025 405 3097 missis
414 3023 626 3119 quibusdam
643 3026 686 3097 dc
707 3023 1227 3097 liucentioKaeltubelroerbis,
1249 3023 1380 3096 Scriba

288 3123 339 3195 od
368 3125 519 3196 annales
548 3127 728 3197 transiens
757 3126 902 3218 scripsit
935 3123 1044 3194 lraea:
1088 3124 1195 3194 Nunc
1231 3147 1388 3219 quoque-

287 3222 438 3296 venium
465 3226 510 3296 ad
540 3225 695 3297 crinales
723 3223 900 3296 historias
927 3223 1085 3321 carptim
1114 3222 1380 3318 succincteque

287 3332 399 3420 atque
418 3324 581 3397 breviter
603 3324 893 3398 conscribendas
911 3323 949 3395 in
969 3323 1101 3422 quibus
1120 3324 1170 3395 ita
1189 3322 1379 3395 exordior:

286 3425 394 3495 Anno
412 3424 561 3496 Domini
579 3429 653 3500 899
672 3425 885 3522 Arnolphus
902 3435 971 3498 eto.
1001 3425 1127 3496 Teutas
1141 3423 1331 3496 Annalium
1357 3448 1380 3494 a

285 3523 822 3619 Lenpnichiofidelissimeciatus
840 3533 901 3620 est,
920 3529 972 3597 ita
986 3531 1025 3595 ut
1039 3527 1167 3617 paucis
1187 3530 1326 3595 tantum
1344 3525 1382 3594 in

286 3623 373 3696 locis
391 3648 457 3718 ope
471 3625 624 3698 aliorum
644 3625 806 3698 codicum
823 3628 932 3709 suerit
956 3623 1198 3716 corripendus.
1224 3621 1382 3694 Annales

286 3725 462 3817 ascipiunt
482 3725 679 3798 Chronicae
703 3724 921 3796 Polonorum
948 3729 982 3794 et
1005 3719 1292 3816 Aaouputus‚'de
1310 3745 1380 3818 quo

287 3823 388 3917 apud
403 3825 655 3918 Leupnioltium
673 3824 796 3896 ultimo
813 3822 892 3895 loco
904 3825 1024 3918 posito
1050 3823 1280 3916 adnotamus,
1301 3846 1380 3894 eum

286 3925 325 3995 in
333 3927 434 3995 usum
450 3947 553 3996 suurn
567 3923 757 3996 Annalium
773 3924 839 3995 let
851 3923 909 3994 ΙΙΙ
922 3925 1206 3996 continuationes
1224 3921 1380 4015 uertisse,

286 4046 351 4094 nec
369 4019 458 4116 opus
478 4030 559 4094 erat
573 4024 626 4096 ¹acl
643 4048 721 4096 eum
742 4025 917 4118 reinquere,
937 4047 1043 4119 quum
1063 4021 1203 4095 codices
1225 4027 1256 4095 1.
1280 4020 1322 4095 la
1347 4028 1382 4092 et

286 4124 308 4194 3
328 4125 491 4211 sufficere
509 4122 712 4195 uiderentur
730 4123 781 4195 acl
799 4129 930 4199 terium
949 4121 1242 4195 constituendum.
