3060 4828
286 360 318 432 X
697 361 968 436 PRAEFATIO.

288 559 485 634 Annalibus
512 561 654 634 uetustis
680 562 933 636 adnotationis
951 562 1138 658 'quasdam
1157 587 1216 636 res
1235 563 1384 636 Germa·

288 683 390 750 nicas
421 680 637 751 continentes
663 683 827 774 inveniri,
866 705 1017 776 quarum
1046 680 1089 753 de
1113 687 1247 754 aalma
1275 686 1383 774 atque

291 799 427 890 aripine
445 799 564 892 statim
586 797 789 893 videbimus,
818 823 925 895 quum
952 805 1084 872 eertum
1108 801 1154 871 sit
1171 823 1235 870 eas
1253 801 1326 870 iam
1345 799 1383 868 in

292 913 487 1008 eaernplari
501 913 700 989 eratbeatica
714 917 830 991 locum
845 919 1045 990 obtinuisse.
1073 916 1261 990 Annalista
1277 917 1386 1010 ipitur
1465 892 1477 911 ’

288 1035 463 1128 principia
491 1034 608 1126 aperis
635 1038 693 1106 sui
717 1037 752 1106 in
779 1059 881 1108 usum
908 1060 1012 1108 suum
1043 1036 1203 1108 vertebat
1233 1033 1386 1106 annales
1496 1054 1507 1126 '1

292 1153 536 1244 Germanicas,
555 1176 645 1246 qnos
659 1177 704 1240 en
716 1152 908 1226 annalibus
920 1153 1230 1239 Hersfeldensibus
1242 1153 1387 1238 ducisse
1505 1133 1507 1148 ’

292 1277 345 1344 est
360 1268 599 1366 statuendum.
632 1271 701 1343 Res
718 1270 988 1357 Hersfeldenses
1006 1273 1144 1368 pelidem
1164 1271 1385 1364 amittuntur,

294 1391 336 1462 de
361 1390 472 1462 uariis
496 1411 579 1459 aero
606 1379 728 1483 rdpum
754 1395 788 1460 et
812 1391 1070 1482 imperatorum
1090 1390 1387 1463 Germanicorum

291 1509 380 1594 fatis
406 1507 657 1578 annotationes
684 1513 842 1599 eastant,
875 1531 980 1600 quae,
1017 1511 1048 1579 si
1075 1529 1292 1601 comparare
1321 1529 1386 1578 eas
1465 1491 1484 1561 ‘r

293 1625 376 1699 velis
395 1647 474 1696 curn
493 1625 617 1695 ceteris
636 1624 798 1696 omnibus
814 1624 1005 1697 annalibus
1019 1650 1062 1698 ear
1076 1623 1387 1709 Herstelelensibus

293 1743 474 1834 derivatis,
493 1764 631 1834 semper
647 1744 722 1826 fere
740 1765 819 1812 cum
838 1765 909 1815 uno
930 1743 1112 1839 alteraque
1130 1767 1252 1816 eorum
1272 1765 1387 1814 ecem·

292 1862 388 1957 plari
405 1863 440 1962 in
459 1859 573 1932 uerbis
592 1859 825 1932 concordant.
861 1859 959 1932 Unde
977 1868 1106 1934 nactus
1124 1885 1186 1935 eos
1198 1864 1247 1934 sit
1258 1867 1387 1933 eluctor

293 1980 466 2071 Polonas,
501 1979 639 2071 nescia,
673 1981 832 2063 fortasse
859 1978 984 2074 Prapa
1017 1979 1188 2052 deductas
1219 2002 1280 2051 eas
1311 2001 1387 2050 esse
1464 2040 1470 2074 Ξ

296 2101 509 2173 Craeoaiam
536 2096 723 2169 dicendum
750 2097 825 2168 erit.
877 2095 934 2169 Ad
952 2120 1068 2170 annas
1087 2100 1176 2170 enirn
1197 2101 1281 2173 981.
1300 2100 1386 2172 987.
1429 2170 1433 2176 ,
1461 2161 1507 2195 ,

295 2219 379 2293 990.
395 2219 478 2292 997.
498 2214 646 2309 lepimus
663 2220 782 2306 natas,
801 2237 894 2310 quae
912 2217 1018 2287 etiam
1036 2217 1073 2286 in
1086 2214 1283 2288 Annalibus
1295 2214 1387 2286 Pra·
1462 2201 1492 2303 ‘3

294 2335 459 2432 peasibus
473 2337 653 2405 ecstantes
668 2331 710 2403 de
724 2339 851 2404 seruato
862 2328 1056 2405 Adalberta
1072 2338 1241 2404 tractant.
1273 2331 1386 2421 Ouum

297 2460 415 2527 aretem
433 2449 590 2522 Annales
606 2441 878 2534 Hersfeldenses
897 2473 1007 2546 usque
1027 2449 1077 2522 ad
1094 2474 1129 2524 a.
1149 2452 1222 2524 973
1241 2449 1296 2522 ael
1313 2453 1386 2525 984
1497 2527 1500 2549 i

293 2555 503 2669 pertinuisse
522 2566 722 2662 videantur,
734 2569 775 2671 in
790 2570 1068 2662 pisanarum,
1086 2570 1118 2642 si
1131 2571 1290 2663 oscinere
1304 2569 1388 2641 uelis
1499 2557 1500 2562 ¹

297 2713 472 2766 annornm
499 2687 688 2759 relationes
713 2709 805 2781 quae
831 2692 865 2757 et
880 2689 916 2758 in
933 2686 1130 2760 Annalibus
1146 2687 1389 2780 Prapensibus
1491 2732 1496 2764 t

295 2809 530 2898 inueniuntur,
549 2811 584 2876 et
600 2803 650 2876 ad
669 2825 752 2874 ann.
774 2805 881 2876 1002.
905 2806 1010 2876 1009.
1033 2805 1127 2877 1012
1148 2827 1205 2876 res
1222 2805 1390 2900 lepantur
1491 2810 1494 2823 '

297 2926 529 3001 Germaniam
555 2927 770 3014 spectantes,
809 2921 992 3015 exemplar
1019 2921 1259 2994 authenticum
1285 2945 1387 2995 usum
1491 2911 1495 2970 l

294 3047 405 3139 fuisse
422 3039 619 3115 Annalibus
638 3037 948 3124 Hersfeldensibus
969 3041 1236 3112 continuatione
1260 3042 1386 3135 auctis,
1492 3030 1493 3034 ¹

295 3185 436 3237 necesse
463 3165 523 3231 est.
570 3157 638 3229 His
655 3181 734 3228 cum
754 3157 946 3228 annalibus
965 3156 1108 3229 aliunde
1127 3160 1296 3230 mutuatis
1314 3165 1387 3230 sta·

295 3286 356 3355 tim
383 3280 645 3372 eaniunpuntur
671 3273 827 3348 Annales
852 3275 1035 3348 Palaniae.
1092 3274 1191 3364 (luae
1227 3277 1387 3363 affinitas

294 3424 388 3474 nunc
406 3398 544 3470 detecta
564 3393 615 3465 ad
631 3395 840 3465 sententiam
860 3400 1023 3466 nostram
1038 3394 1081 3466 de
1096 3396 1306 3488 antiquitate
1319 3392 1387 3464 An·

293 3519 429 3592 natium
447 3512 594 3609 capituli
614 3511 859 3584 Cracoaiensis
883 3510 1136 3585 stabiliendam
1160 3511 1262 3584 baud
1281 3513 1386 3606 parci

294 3638 460 3710 momenti
478 3638 538 3704 est.

367 3755 530 3826 Proaime
550 3749 601 3822 ad
612 3747 768 3820 Annales
786 3746 933 3843 capituli
951 3748 1196 3820 Craaaaiensis
1215 3747 1387 3820 accedunt

292 3872 449 3947 Annales
466 3868 650 3964 coarpilati
668 3868 932 3960 Craeoaiensas,
960 3868 1020 3962 qni
1041 3889 1065 3936 a
1084 3863 1318 3958 compilatore
1336 3868 1385 3938 in·

293 3991 416 4084 docta,
443 3996 485 4062 ut
507 3991 606 4073 infra
632 3984 975 4078 demonstrabimus,
1002 3986 1053 4056 ita
1079 3989 1164 4055 sunt
1188 3985 1383 4078 compositi,
1497 3979 1498 3984 ’

292 4117 330 4186 ut
355 4107 457 4182 nabis
483 4111 623 4182 servent
647 4107 683 4176 in
708 4102 826 4176 maltis
850 4101 938 4176 lacis
955 4103 1063 4175 verba
1082 4101 1256 4196 deperditi
1274 4125 1384 4174 ecem·
1497 4087 1498 4092 ¹
