3040 4856
399 385 614 460 Annaeus
641 382 936 460 POLONORUM
963 383 986 456 1.
1091 393 1115 444 κ’
1191 384 1238 456 69

146 585 320 660 Primislii
349 583 501 659 maioris
533 585 700 682 Polemo,
735 583 811 657 filia
841 573 1240 678 Nicolay'Kassubite‚

145 688 298 759 nornine
315 687 494 760 Lucardis
515 687 623 781 dicta7
651 695 812 759 mortem
835 708 926 756 vero
947 685 1028 756 eius
1047 707 1160 755 nemo
1177 707 1240 780 po-

146 787 214 858 tuit
231 787 424 884 indagare,
443 787 603 884 qualiter
626 785 774 859 interiit.
843 784 983 856 Eodem
1007 807 1105 855 anno
1125 783 1162 854 in
1188 782 1241 854 vi-

144 887 231 984 gilia
262 887 388 985 vigilie
416 887 536 972 sancti
564 887 708 959 Thome
742 885 920 983 apostoli,
948 883 1134 956 dominico
1168 882 1350 980 dianeos.

144 988 317 1060 dominus
344 988 502 1060 lacobus
528 987 647 1059 dictus
676 985 839 1081 Swinlra,
867 984 904 1056 in
930 984 1032 1057 Kalis
1065 985 1102 1055 in
1128 984 1239 1056 domo

144 1088 302 1159 fratrum
336 1091 513 1161 sacerdos
545 1087 583 1158 in
618 1091 786 1182 sabbato7
825 1095 862 1156 et
893 1083 1078 1157 dominico
1110 1084 1169 1156 die
1201 1085 1238 1156 in

144 1187 471 1285 archiepiscopum
493 1186 727 1260 Gneznensis
749 1185 909 1258 ecclesie
926 1195 1179 1258 consecratur.
1198 1184 1239 1256 ln

144 1291 278 1360 eadem
293 1299 420 1362 autem
431 1287 716 1360 consecratione
728 1287 891 1383 quinque
901 1285 1067 1384 episcopi
1079 1286 1239 1357 fuerunt.

144 1389 225 1460 Dux
250 1387 371 1460 eciam
399 1387 606 1461 Primislius
640 1387 806 1482 nomine,
841 1384 939 1458 filius
966 1385 1152 1481 Primislii‚
1181 1409 1239 1458 se·

143 1489 246 1586 pulta
268 1513 384 1560 uxore
403 1497 563 1585 quatuor
582 1487 711 1560 diebus
731 1497 818 1559 ante
837 1485 874 1557 in
894 1486 1061 1582 Gnezna‚
1084 1496 1236 1583 quanto·

117 1630 127 1650 ι
144 1589 223 1660 cius
243 1592 287 1662 ad
303 1589 510 1687 predictam
530 1587 862 1661 consecracionem
883 1611 968 1659 cnm
987 1611 1126 1682 magna
1147 1585 1240 1658 mul-

140 1689 297 1762 titudine
334 1689 503 1785 advenit,
540 1699 577 1761 et
609 1689 732 1761 eidem
766 1687 915 1760 domino
953 1686 1238 1785 archiepiscopo

142 1790 296 1862 anulum
316 1789 691 1886 obtulit'preciosnm.

215 1892 323 1960 Anno
361 1889 511 1962 Domini
546 1892 654 1984 1284,
695 1891 752 1961 14.
785 1888 864 1960 Kal.
897 1887 1034 1986 Aprilis
1061 1887 1347 1960 minuscula

141 1990 318 2082 Wyslaus
345 1989 560 2086 prepositus
586 1987 780 2061 Plocensis
807 1987 958 2060 domino
983 1988 1135 2060 Alberto
1160 1987 1237 2084 epi-

143 2111 258 2187 scopo
279 2090 505 2183 Cnyaviensi
523 2090 558 2160 in
580 2089 838 2187 episcopatum
858 2088 1057 2182 successit,
1077 2097 1114 2160 et
1132 2112 1154 2160 a
1175 2090 1237 2161 do·

141 2188 242 2261 mino
269 2191 402 2263 Iacobo
429 2185 524 2263 dicto
544 2189 695 2263 Swinka
715 2188 1000 2286 archiepiscopo
1021 2187 1237 2261 Gneznensi

139 2288 176 2360 in
214 2290 375 2363 claustro
412 2290 622 2364 Strelnensi
658 2289 695 2361 in
732 2289 954 2387 episcopum
983 2298 1237 2362 consecratur.

140 2391 283 2462 Eodem
303 2416 400 2463 anno
420 2391 513 2464 arsit
538 2390 668 2463 civitas
687 2390 909 2464 Kalisiensis
928 2389 965 2461 in
986 2389 1112 2486 vigilia
1137 2390 1236 2462 beati
1247 2399 1345 2454 Sept-28·
1391 2479 1394 2484 Ι

139 2489 347 2563 Michaelis.
415 2492 522 2562 Anno
557 2494 690 2563 eodem
725 2515 746 2562 a
778 2491 1061 2584 Sandowoyone
1093 2490 1237 2587 capitur

142 2598 308 2661 castrum
341 2589 575 2684 Kalisiense,
610 2589 753 2662 scilicet
783 2589 859 2661 filio
884 2591 1088 2686 rinconis,
1122 2590 1235 2662 filiolo

140 2687 402 2785 Archanbaldi,
423 2692 522 2787 quod
539 2689 688 2761 tradidit
707 2689 791 2760 duci
809 2689 1121 2785 Wratislaviensi,
1147 2691 1235 2761 Hin-
1288 2705 1295 2717 ’

139 2788 216 2860 rico
241 2790 301 2886 lv,
315 2792 360 2862 ad
376 2792 474 2887 quod
490 2789 754 2887 requirendum
770 2790 843 2859 dux
858 2789 1066 2862 Primislius
1083 2789 1234 2862 maioris

140 2889 293 2962 Potonie
326 2913 410 2962 cum
442 2914 581 2986 magna
609 2889 844 2964 multitudine
878 2888 1036 2961 militurn
1072 2890 1234 2987 advenit,

140 2992 207 3061 sed
234 2990 365 3062 fraude
395 2989 552 3062 militnm
581 3013 735 3062 suorum
764 2989 974 3086 mediante,
1009 2989 1106 3062 circa
1133 2989 1233 3062 idem

140 3100 305 3162 castrum
332 3090 608 3188 pugnantibuS,
643 3089 787 3163 nobiles
816 3090 953 3163 milites
983 3090 1163 3188 perdidit,
1197 3091 1234 3163 in

137 3191 210 3262 hoc
236 3215 311 3261 non
331 3190 482 3263 suffecit
502 3191 589 3288 quin
617 3201 655 3262 et
677 3201 816 3263 terram
839 3191 1014 3288 predictis
1033 3191 1234 3264 baronibus

136 3289 312 3362 videlicet
344 3290 582 3365 traditoribus
619 3291 900 3364 consulentibus
932 3291 1014 3363 duci
1042 3292 1234 3363 Wratisla-

139 3389 260 3462 viensi
286 3413 407 3488 usque
439 3391 475 3462 in
511 3391 679 3464 Oloboch
707 3391 855 3463 tradidit
879 3391 1169 3488 possidendam,
1197 3403 1235 3464 et

138 3500 305 3562 castrum
324 3490 361 3560 in
382 3489 527 3562 eisdem
546 3489 717 3563 terminis
738 3489 922 3564 edificavit
936 3516 1003 3588 pro
1024 3502 1146 3564 castro
1161 3492 1233 3564 Ka·

137 3589 280 3664 lesensi
316 3589 386 3663 sibi
414 3591 555 3664 reddito
583 3616 606 3662 a
632 3591 782 3662 Hinrico
809 3594 903 3662 duce
921 3591 1232 3665 Wratislaviensi.

136 3692 278 3772 Eodem
306 3715 403 3762 anno
431 3693 600 3763 'larthari
629 3701 770 3762 terram
796 3692 973 3788 Ungarie,
1002 3716 1074 3788 que
1101 3693 1234 3765 dicitur

135 3795 181 3864 de
201 3790 508 3888 Septemcastris,
535 3792 767 3864 intraverunt
792 3802 829 3864 et
848 3793 986 3864 multos
1006 3793 1230 3865 christianos

135 3890 421 3989 captivaverunt
456 3901 493 3965 et
519 3891 745 3964 occiderunt.
795 3893 965 3966 Christus
986 3902 1113 3964 autem
1132 3903 1232 3966 tutor

135 3991 438 4090 christianorum,
451 3993 780 4089 magnamfamem
794 3992 908 4065 ineos
921 4004 957 4065 et
969 3993 1229 4090 pestilenciam

135 4091 294 4189 inmisit3
321 4095 417 4190 quod
449 4093 645 4165 audientes
673 4092 1048 4190 Septemcastrenses
1071 4095 1150 4165 Deo
1179 4094 1229 4165 vi-

136 4193 1229 4291 ctoriamcommiserunt7dicentes:lleliuscstplodiopertrc
