3060 4828
289 313 504 414 anninus
530 335 744 412 castrum
773 300 1126 413 cnnconsnsis.
1204 342 1250 413 as

148 540 251 638 piam
271 551 309 614 et
327 544 502 614 devotam
531 539 785 612 intencionem
805 539 949 612 habens
971 563 1061 634 erga
1081 538 1248 612 divinum

151 643 292 714 cultum
312 641 350 712 in
370 640 532 712 ecclesia
553 640 794 712 Cracoviensi
820 637 1077 735 ampliandum
1098 663 1247 736 preser-

149 742 216 814 tim
255 741 513 839 prospiciens‚
548 739 585 810 in
631 743 765 812 eadem
805 739 967 810 ecclesia
995 740 1125 811 altaria
1162 765 1249 812 san·

150 853 296 914 ctorum
323 840 513 914 Adalbcrti
538 839 702 912 martiris
733 850 769 910 et
802 840 987 911 Leonardi
1020 840 1249 912 confessoris

150 941 264 1013 veluti
292 941 462 1013 desolata
488 950 526 1011 et
544 949 724 1036 tanquam
749 941 787 1011 in
812 939 1009 1012 solitudine
1030 941 1249 1035 constituta,

150 1044 197 1114 ad
217 1065 289 1138 que
309 1040 381 1114 nisi
395 1040 433 1111 in
450 1040 790 1136 sollempnitatibus
809 1043 1014 1115 eorundem
1029 1051 1248 1112 sanctorum

150 1142 355 1214 missarum
375 1139 498 1212 officia
527 1143 795 1234 cantabantur,
820 1164 893 1211 non
921 1140 1045 1211 minus
1074 1151 1246 1212 sanctam

150 1241 430 1337 Margaretham
456 1239 865 1336 gloriosamvirginem
892 1249 930 1310 ct
950 1240 1142 1312 martirem
1161 1265 1246 1338 spe-

150 1341 233 1414 ciali
250 1340 500 1412 veneracione
519 1364 768 1436 prosequens,
787 1351 826 1412 ut
848 1339 1018 1412 eiusdem
1038 1341 1155 1412 altare
1176 1341 1247 1412 vir·

149 1441 246 1538 ginis
262 1441 299 1512 in
316 1444 449 1512 eadem
465 1441 627 1512 ecclesia
645 1441 858 1533 haberetur⁷
878 1439 1037 1512 instituit
1053 1441 1245 1514 ministros

151 1546 196 1614 ad
217 1543 284 1614 tria
305 1541 435 1613 altaria
457 1540 495 1611 in
518 1541 615 1612 dicta
632 1540 793 1612 ecclesia
814 1544 858 1612 ad
874 1551 1113 1637 perpetuum,
1132 1553 1169 1614 et
1188 1565 1246 1614 re·

149 1642 247 1714 ditus
266 1642 497 1714 decimarum
516 1665 583 1737 pro
604 1641 888 1712 sustentacione
908 1644 1112 1712 eorundem
1139 1642 1246 1714 mini-

150 1752 327 1838 strorum,
347 1767 369 1812 a
387 1744 524 1814 domno
544 1741 657 1812 Paulo
678 1741 857 1838 episcopo
877 1745 1081 1813 accedente
1102 1744 1147 1813 ad
1167 1753 1244 1814 tam

150 1841 253 1939 pium
280 1866 376 1938 opus
402 1850 552 1937 gratum
577 1842 657 1914 Deo
682 1842 974 1938 hominibusque
1004 1841 1188 1915 laudabile
1209 1853 1247 1915 et

149 1953 361 2039 acceptum,
372 1965 559 2013 consensu
572 1941 836 2040 Cracoviensis
854 1941 1003 2039 capituli
1019 1942 1246 2040 impetravit,

149 2054 261 2139 prout
275 2043 311 2113 in
328 2043 400 2114 hoc
417 2041 614 2138 privilegio
630 2067 696 2114 seu
708 2041 958 2114 instrumento
978 2067 1093 2139 super
1110 2046 1244 2116 eodem

149 2143 309 2239 negocio
330 2142 500 2215 conlecto
523 2142 669 2237 plenius
689 2143 943 2214 continentur:

224 2244 275 2314 In
302 2244 483 2315 nomine
509 2242 694 2313 Domini.
730 2243 870 2316 Amen.
911 2243 1087 2332 Quoniam
1106 2245 1175 2316 soli
1192 2244 1245 2316 di·

151 2345 289 2414 ciuitati
315 2345 480 2415 convenit
503 2345 540 2414 in
564 2342 636 2414 ullo
668 2342 816 2430 deficere
844 2368 889 2415 nc
921 2345 1077 2416 omnium
1113 2344 1247 2416 habere

149 2445 373 2536 merientium,
392 2443 471 2516 ideo
490 2443 709 2516 condicionis
722 2443 877 2515 humone
889 2445 1074 2539 frnpilitns
1093 2448 1245 2533 artificio

150 2543 218 2613 sibi
233 2545 382 2636 quesivit
403 2543 606 2636 remedium,
634 2545 670 2614 in
695 2567 763 2637 quo
790 2547 893 2637 viper
909 2546 1048 2628 fabrice
1065 2546 1245 2618 naturalis

149 2644 280 2712 sumini
297 2640 426 2726 defecit
442 2645 577 2736 opificis
595 2643 786 2714 voluntate.
822 2645 873 2714 llle
886 2646 995 2737 ipitur
1010 2645 1107 2736 quod
1124 2647 1246 2738 cipitur

149 2745 197 2812 im
215 2743 1030 2835 temperacumeuolucionetemporismemorio
1041 2751 1244 2838 evanescat,

150 2841 286 2913 ossolet
300 2845 433 2936 scripto
451 2846 591 2914 testium
609 2849 642 2914 et
659 2845 857 2934 testimonio
868 2842 1242 2936 npicurnperleennnri.

150 2941 305 3013 Proinde
321 2948 397 3014 tum
414 2967 562 3034 presens
580 2948 658 3014 etus
681 2946 819 3014 arcuerit
844 2967 953 3036 quum
978 2945 1122 3036 futura,
1150 2945 1246 3038 quod

149 3065 216 3113 nos
238 3041 373 3114 Paulus
390 3042 459 3113 Dei
474 3044 603 3134 procia
622 3045 806 3136 episeopus
826 3045 1071 3116 Crncoviensis
1092 3046 1194 3136 prium
1213 3050 1247 3116 et

151 3141 315 3212 devotam
337 3144 570 3213 intencionem
591 3142 853 3236 dilipentissirne
871 3143 1111 3235 attendentes,
1134 3167 1244 3238 quam

151 3241 317 3312 dominns
339 3242 571 3313 Hermunnus
598 3244 793 3314 canonicus
816 3251 936 3314 nostre
968 3243 1109 3314 ecclesie
1140 3242 1248 3314 babet

150 3362 239 3430 erpa
254 3340 409 3410 divinum
430 3341 572 3432 cultum,
588 3343 775 3433 presertim
797 3344 832 3410 in
855 3343 979 3412 eudem
1003 3341 1152 3412 ecclesio
1168 3365 1244 3413 um·

149 3437 348 3531 pliondum,
368 3441 441 3509 eius
459 3439 614 3510 honestis
629 3441 862 3530 peticionibus
877 3441 1020 3535 diganum
1035 3464 1245 3513 consensum

61 3632 64 3637 .
146 3537 356 3630 prebuimus
385 3545 419 3610 et
447 3542 563 3610 nostri
592 3541 704 3610 tocius
726 3539 873 3632 capituli
893 3563 1066 3612 consensu
1093 3539 1247 3634 lepitimo

152 3637 343 3708 acc-edente
361 3662 424 3710 nec
442 3647 515 3709 tion
532 3645 705 3710 eteorum
719 3641 885 3732 precibus
894 3642 1183 3736 suffrapuntibus
1198 3640 1249 3714 ud

88 3777 91 3782 Α
152 3737 385 3824 officiandum
413 3745 445 3808 et
471 3739 592 3810 divina
616 3738 867 3812 celebrandum
888 3740 939 3811 ud
963 3743 1034 3812 tric
1054 3741 1192 3812 ultririu
1210 3743 1249 3811 in

151 3835 301 3908 ecclesio
336 3839 564 3910 Crueoviensi
598 3845 818 3932 memoratu,
852 3839 1012 3913 videlicet
1038 3846 1248 3912 sanctorum

150 3934 336 4007 adalberti
349 3939 522 4028 martiris,
542 3938 726 4008 Leoriumli
742 3941 959 4023 confessoris
974 3963 1038 4011 nec
1053 3963 1127 4010 ¹mm
1146 3940 1249 4012 beate

152 4035 396 4130 Morpuretlie‚
424 4038 522 4131 quod
550 4037 643 4108 idem
663 4039 858 4110 canonicus
875 4040 1024 4111 instituit
1048 4042 1123 4110 suis
1144 4040 1248 4110 rebus

151 4137 187 4205 in
216 4136 307 4207 dicte
332 4137 475 4210 ecclesie
500 4160 668 4230 cantero,
697 4161 763 4232 pue
787 4139 981 4232 capitulum
1008 4145 1248 4234 nuncupator,

974 4242 995 4312 3
