3040 4856
277 349 345 423 102
512 347 727 424 ANNALES
754 349 1125 427 nncnovtonsns

275 548 380 646 garie
401 547 470 621 sibi
498 549 535 620 in
564 573 719 622 uxorem
746 553 865 644 ‹tatun
901 554 1042 624 zelator
1066 552 1252 624 maximus
1285 549 1373 624 {idei

278 649 495 743 christiane5
520 651 698 725 Cracovie
719 653 882 723 studium
902 653 1096 724 renovavit
1114 653 1304 749 generale.

167 788 267 834 Dema,
356 752 461 821 1388.
482 754 613 821 sabato
634 750 670 820 in
691 752 853 822 crastino
881 753 1082 824 nativitatis
1111 752 1258 824 Domini
1284 750 1374 824 obiit

278 849 467 920 Bodnotha
487 849 794 946 archiepiscopus
814 852 1060 924 Gneznensis

354 951 460 1020 Anno
479 949 627 1020 Domini
652 953 756 1024 1389.
783 953 1007 1024 venerabilis
1028 953 1083 1024 vir
1105 955 1265 1023 domnus
1292 951 1374 1023 Sta·

279 1049 434 1142 nislaus,
451 1051 684 1120 decretorum
701 1053 840 1146 docton
857 1053 1069 1149 prepositus
1082 1050 1376 1145 [tlechoviensis7

279 1149 461 1220 ordinavit
491 1159 527 1219 et
562 1150 774 1245 procuravit
809 1155 960 1223 domum
997 1174 1175 1248 magnam
1201 1151 1377 1222 videlicet

279 1253 441 1343 stubam,
458 1248 615 1320 estivale
634 1251 819 1344 palacium
839 1261 876 1322 et
895 1252 1050 1323 fratrum
1071 1275 1273 1322 commune
1291 1253 1375 1321 dor-

280 1348 469 1420 mitorium
490 1349 586 1420 circa
602 1351 785 1447 templum
801 1351 913 1423 situm
929 1362 1058 1447 tegere
1073 1351 1240 1422 latericio
1260 1360 1375 1444 tecto⁷

281 1451 378 1546 quod
411 1458 551 1520 tectum
577 1449 796 1522 latericeum
824 1461 904 1522 erat
935 1451 1079 1524 finitum
1114 1461 1376 1522 etconsurna-

279 1557 359 1620 tum
394 1572 462 1645 per
497 1573 633 1620 manus
673 1550 866 1621 cuiusdam
899 1551 1098 1623 muratoris
1131 1550 1282 1622 nomine
1315 1548 1376 1620 ui-

170 1683 227 1738 nug,
248 1649 385 1741 9,colay
404 1648 562 1720 nacione
582 1652 627 1720 de
648 1650 811 1745 Prussia,
838 1651 875 1721 in
901 1651 1027 1746 vigilia
1052 1651 1150 1723 beati
1167 1647 1378 1722 Laurencii.

170 1775 223 1818 uu.
235 1774 269 1822 12.
353 1749 461 1819 Anno
480 1748 627 1820 Domini
654 1752 762 1844 1394,
791 1753 846 1823 12.
867 1751 924 1823 die
944 1751 1087 1823 mensis
1109 1751 1192 1844 May
1211 1759 1298 1845 post
1323 1749 1377 1820 fe-

282 1857 380 1918 stum
401 1848 521 1919 sancti
541 1849 716 1920 Stanisiai
737 1851 827 1921 feria
859 1851 974 1922 tercia
1000 1851 1036 1921 in
1066 1850 1125 1922 die
1157 1859 1375 1922 sanctorum

280 1947 403 2040 Nerey
422 1958 459 2019 et
483 1948 652 2042 Achilley
670 1950 864 2022 martirum
893 1951 1143 2047 gloriosorum
1168 1973 1235 2046 per
1253 1972 1378 2021 wene-

281 2047 437 2120 rabilem
466 2071 511 2119 ac
535 2049 753 2146 religiosum
790 2051 910 2122 virum
945 2055 1123 2123 domnum
1147 2049 1378 2122 Stanislaum

281 2151 517 2220 decretorum
543 2152 753 2245 doctorenn
790 2152 1022 2248 prepositum
1055 2151 1378 2241 Diochoviensern'7

282 2258 416 2345 ruppta
443 2258 502 2320 est
520 2253 671 2346 antiqua
702 2251 960 2347 ecclesiaque
993 2251 1137 2322 ruinam
1166 2250 1377 2320 minabatur

284 2358 320 2418 et
348 2347 511 2418 effusum
536 2349 821 2420 fundamentum
852 2360 889 2421 et
921 2350 1016 2446 lapis
1043 2350 1241 2462 primarius
1273 2349 1376 2444 inpo

283 2447 377 2519 situs
404 2457 440 2518 et
458 2446 721 2544 proficiebatur
739 2453 784 2522 de
804 2449 891 2520 dio
881 2475 918 2520 m
939 2451 1051 2546 diem.
1080 2449 1255 2584 continue
1274 2448 1377 2581 labo·
1381 2499 1383 2506 .

284 2549 410 2618 rand0.

187 2671 272 2720 ms
356 2650 463 2718 Anno
484 2647 631 2719 Domrnr
662 2649 836 2723 13941111
870 2649 1033 2722 crastino
1064 2647 1183 2721 sancti
1209 2645 1380 2744 Procopii

282 2746 377 2819 infra
393 2758 545 2819 octavas
560 2747 659 2820 Petri
679 2759 715 2819 et
702 2749 827 2820 tPauti
844 2751 1099 2861 apostolorum
1115 2747 1379 2858 gloriosorum

284 2846 493 2920 Stanislaus
513 2851 749 2920 decretorum
769 2853 909 2945 doctor,
927 2849 1143 3020 prepositus
1160 2845 1380 2918 monasterii

284 2947 576 3116 Mtechoviensin
605 2948 663 3018 die
704 2949 887 3020 dominica
923 2950 1098 3020 venitin
1137 2945 1380 3019 Przeworsko

286 3049 558 3143 etacceptavit
544 3049 736 3119 tdonrurn
775 3048 854 3120 sive
889 3049 1090 3120 ecclesiam
1121 3046 1277 3158 iontem,
1312 3069 1382 3142 per

284 3149 534 3218 reverendum
563 3158 707 3244 patrem
736 3151 913 3220 domnum
944 3149 1122 3221 Mathiam
1155 3147 1377 3243 episcopum

286 3247 578 3318 Przrnislensem
600 3247 791 3319 fundatam
813 3259 849 3320 ot
869 3250 1029 3321 nobilem
1057 3248 1178 3318 virum
1199 3249 1379 3318 domnum

285 3346 490 3418 iohannem
520 3350 565 3418 de
592 3347 775 3418 Tharnow
799 3350 1005 3444 palatinum
1033 3346 1380 3420 Sandomiriensem

287 3447 592 3544 etcapitaneum
612 3447 747 3519 Russie
766 3450 930 3519 dotatam
951 3456 988 3520 et
1015 3449 1047 3518 Γι
1050 3458 1168 3518 atrem
1189 3445 1381 3516 Bartholo

286 3569 413 3618 meum
444 3546 664 3620 Masonitam
686 3571 752 3644 pro
779 3550 973 3645 preposito
935 3547 1134 3620 tibidem
1163 3546 1284 3642 primo
1312 3567 1383 3640 per

287 3649 448 3718 eundem
469 3647 686 3759 episcopum
709 3648 968 3720 confirmatum
993 3657 1033 3719 et
1060 3647 1213 3718 fratrem
1239 3644 1383 3717 Krista-

288 3770 378 3820 num
399 3747 658 3844 subiungendo
679 3747 825 3819 dimisit

363 3848 439 3920 Sub
466 3873 564 3918 anno
595 3847 797 3919 nativitatis
825 3847 992 3919 eiusdem
1021 3848 1126 3922 1395
1146 3841 1381 3918 uenerabilis

289 3947 346 4018 vir
370 3949 486 4018 frater
512 3946 722 4020 Stanislaus
749 3948 945 4061 Stoyconis
974 3947 1131 4019 nacione
1164 3948 1209 4016 da
1238 3944 1382 4016 Kszosz

289 4049 419 4118 doctor
443 4050 692 4143 decretorum,
719 4049 888 4162 proposit
890 4073 932 4120 us
873 4045 1229 4120 tMechoviensis
1255 4067 1385 4115 mona-

179 4179 226 4223 ran
242 4177 278 4230 aa
291 4146 406 4244 sterii
434 4147 522 4219 obiit
554 4149 646 4222 t'eria
678 4149 804 4245 quinta
836 4148 872 4221 in
904 4159 1037 4220 octava
1070 4155 1199 4218 sancte
1225 4141 1384 4240 Agnetis
