3060 4828
270 393 347 468 Vlll
679 391 952 468 PRAEFATIO.

273 618 364 689 neus,
384 600 424 667 ut
438 591 590 666 annales
602 591 706 666 huius
719 597 832 690 pontis
845 617 975 692 upmen
989 593 1143 668 aliorum
1157 592 1367 666 clauderent

272 711 455 784 constituit
470 715 576 806 atque
594 715 743 784 curavit.

342 827 492 923 ¹Mapnis
515 830 623 923 ipitur
647 853 712 924 per
738 829 904 902 Silesinm
923 829 1110 902 Poloniam
1129 825 1305 902 Galicium
1330 831 1367 896 et

271 945 438 1017 Russiam
465 945 647 1018 itineribus
672 948 855 1042 susceptis,
879 947 1081 1042 perquisitis
1098 944 1364 1042 quamplurium

271 1069 307 1134 et
316 1062 544 1157 publicarum
562 1070 597 1136 et
610 1065 839 1156 privatarum
857 1061 1149 1136 bibliothecarum
1172 1063 1362 1152 thesauris,

271 1181 366 1254 datis
390 1204 456 1274 per
480 1183 757 1269 munificentiam
784 1181 914 1254 miram
940 1183 1125 1266 fautorum
1154 1186 1363 1253 nostrorum

271 1298 414 1371 auciliis
439 1299 640 1388 litterariis,
674 1322 766 1394 quae
791 1299 860 1392 ipsi
887 1305 1006 1394 petere
1034 1322 1107 1372 non
1136 1303 1359 1392 poteramus,
1475 1338 1480 1384 :

270 1439 364 1488 nunc
389 1415 440 1490 ael
461 1415 499 1489 id
522 1417 764 1511 pervenimus,
791 1422 832 1487 ut
853 1439 897 1488 ec
922 1439 1058 1512 mapna
1082 1415 1243 1489 codicum
1270 1414 1362 1486 mole

267 1535 388 1627 prima
405 1535 479 1605 vice
494 1554 695 1627 proponere
709 1535 890 1628 possimus
908 1535 993 1606 viris
1010 1533 1181 1606 historiae
1193 1533 1365 1606 studiosis

271 1673 393 1725 omnes
415 1647 586 1724 Polonioe
612 1650 765 1724 annales
791 1650 938 1724 tandem
963 1650 1159 1747 aliquando
1184 1649 1361 1744 collectos,

270 1774 462 1862 correctos,
481 1767 700 1863 emendatos,
719 1791 870 1863 quorum
889 1767 982 1843 ulios
996 1768 1155 1842 nondum
1168 1771 1362 1861 impressos
1468 1836 1474 1846 .

268 1889 390 1980 fuisse,
418 1886 522 1982 alios,
548 1887 712 1981 quaurvis
734 1884 804 1959 luci
821 1885 1075 1982 delituissent,
1103 1893 1222 1960 tamen
1242 1883 1362 1958 adhuc
1455 1874 1472 1960 ,’

268 2005 481 2078 deterruisse
498 2005 617 2099 mapis
634 2025 743 2098 quam
761 2003 926 2078 alleuisse
942 2003 1092 2078 lectores
1113 2027 1157 2076 ec
1173 2009 1289 2078 leatus
1306 2004 1363 2076 sui
1452 2023 1473 2093 ᾗ·

267 2128 377 2216 statu,
404 2123 482 2217 quis
500 2128 553 2196 est
568 2123 629 2218 qui
644 2123 801 2196 neseiat?
1045 2197 1047 2202 ,
1451 2189 1463 2236 ·.
1472 2193 1477 2202 ,

342 2239 495 2312 Polonia
518 2241 554 2312 iu
580 2239 675 2312 eluas
699 2245 780 2312 erut
795 2240 912 2313 divisa
924 2229 1146 2334 provincias,
1171 2239 1359 2312 Poloniam
1450 2259 1468 2296 ⁵

269 2359 440 2428 minorem
455 2357 687 2428 etmaiorem.
706 2357 821 2450 Caput
838 2356 1167 2431 minorisPoloniue
1180 2359 1359 2430 eratCra·

269 2477 371 2548 conia
392 2474 489 2569 urbs,
511 2473 563 2545 ad
584 2475 702 2567 ripam
725 2473 1087 2570 listulaeliuuiisito,
1106 2477 1142 2546 in
1161 2455 1377 2548 vallesalis

268 2615 423 2664 amoena
442 2598 477 2664 et
490 2593 681 2686 trupifera,
708 2592 768 2664 ubi
785 2593 920 2666 eminus
939 2592 1205 2688 Carpathorum
1223 2599 1360 2667 montes

268 2708 341 2782 albi
359 2715 552 2782 cernuntur
567 2715 600 2782 el
613 2709 726 2783 ubivis
738 2719 966 2784 monumenta
980 2712 1119 2806 plorine
1132 2710 1358 2783 Polonorum.
1461 2723 1469 2748 ⁸
1485 2717 1488 2745 ⁴

265 2827 349 2910 Hae
366 2829 402 2898 in
428 2829 515 2900 urbe
537 2829 658 2920 prima
683 2830 830 2922 oestipia
854 2831 945 2900 artis
962 2829 1133 2900 historiae
1150 2827 1359 2900 scribendae

266 2947 473 3038 invenimus,
500 2966 593 3038 quoe
612 2943 755 3016 aliunde
774 2944 890 3018 allato
907 2945 1230 3018 continuationibus
1249 2951 1358 3018 aucta

266 3069 358 3134 sunt.
397 3061 521 3134 Liceat
536 3060 638 3134 nobis
654 3059 724 3134 hae
742 3063 779 3134 in
790 3063 1023 3156 praefatione
1042 3060 1214 3135 disserere
1233 3062 1276 3136 de
1295 3086 1358 3134 an-

266 3179 409 3252 nalibus
426 3186 460 3251 et
474 3178 767 3253 Craoooiensibus
785 3186 818 3252 et
835 3178 1014 3252 derivatis.
1049 3165 1274 3277 Quamquam
1282 3180 1357 3267 dil-

265 3296 458 3386 ricillimum
476 3303 531 3372 est
546 3297 747 3370 discernere
765 3319 857 3394 quae
870 3297 1056 3370 annalium
1068 3299 1191 3384 forma
1206 3298 1251 3370 sit
1265 3299 1356 3371 anti·
1452 3295 1454 3304 ’
1470 3289 1485 3352 κ’

267 3416 459 3511 quissima,
503 3437 738 3512 quantouoe
772 3419 917 3488 ecstant
948 3438 1070 3490 omnes
1105 3409 1357 3490 adnotationes

268 3530 492 3606 authenticae
514 3554 587 3605 non
610 3535 681 3606 sint
708 3534 973 3629 aestimandae,
1007 3532 1071 3606 sed
1095 3533 1358 3627 compilationis
1469 3557 1481 3600 f

267 3647 322 3722 vel
337 3647 569 3722 derivationis
586 3647 702 3723 locum
719 3651 787 3722 sibi
798 3657 938 3724 tantum
951 3650 1128 3723 vindicent
1132 3677 1147 3742 ;
1165 3649 1358 3724 cohaerent

267 3773 386 3840 tamen
403 3788 526 3840 omnes
543 3765 579 3840 hi
596 3767 747 3840 annales
765 3773 841 3840 tam
860 3772 960 3844 arcte
977 3769 1069 3840 inter
1084 3791 1134 3863 se,
1161 3773 1201 3839 ut
1220 3769 1267 3840 sit
1280 3774 1356 3840 sta-

266 3883 417 3958 tuendus
434 3887 632 3958 communis
650 3884 808 3981 quidam,
836 3884 954 3959 adhue
972 3884 1176 3980 deperditus
1192 3888 1287 3981 tons,
1313 3910 1357 3958 ec

267 4025 336 4097 quo
367 4025 490 4076 oannes
520 4005 693 4099 oripineru
727 4009 963 4110 sumpserunt.
1014 4003 1201 4078 Ecstitisse
1236 4010 1355 4077 autern

267 4119 450 4214 enemplar
481 4122 667 4196 annalium
698 4123 927 4218 antiquorum
960 4123 1157 4196 Craeoviae
1188 4122 1358 4196 doeemur
1448 4172 1475 4209 „f
