3040 4856
252 368 435 443 courru
463 367 630 442 aunan.
658 361 954 448 ronououuh
974 366 988 439 1
1007 359 1067 438 ar
1084 364 1141 438 ιιι.
1194 364 1242 440 79
1331 323 1334 355 ⁵

148 595 168 641 a
195 579 309 666 geute
334 568 508 642 Polonica
535 567 572 640 in
600 577 826 666 perpetuum
854 565 936 640 sine
960 563 1242 640 intermissione

147 672 249 743 Deus
270 669 511 741 collaudetur.

221 771 307 867 lpso
343 769 380 840 in
411 779 583 866 tempore
611 767 709 838 circa
737 767 875 839 festum
903 765 1022 838 sancti
1047 763 1241 838 Michaelis

146 869 269 941 audita
291 871 395 942 clade
415 872 652 941 barbatorum
674 892 891 939 cummanu
916 865 1000 937 forti
1028 866 1132 938 venit
1153 865 1242 936 Poz-

4 1031 5 1038 ,
146 971 298 1042 naniam
319 994 386 1041 rex
410 968 592 1040 Bohemie
610 968 799 1040 lohannes
823 979 860 1039 et
883 970 1125 1064 oppugnabat
1155 988 1241 1036 eam

30 1110 37 1121 -
146 1093 232 1142 cum
246 1069 431 1142 machinis
447 1067 484 1141 et
497 1067 719 1162 fossoribus,
737 1071 802 1139 sed
834 1067 1011 1139 militibus
1036 1075 1074 1137 et
1101 1064 1241 1137 civibus

146 1169 291 1242 ioritter
307 1170 613 1267 repugnantibus7
640 1167 866 1266 quingentos
885 1167 1059 1238 homines
1079 1167 1241 1262 perdens

148 1280 184 1342 et
210 1273 255 1342 de
283 1270 491 1358 fossoribus
511 1271 637 1366 plures
658 1270 848 1362 amittens7
868 1269 1063 1339 machinas
1083 1264 1241 1339 derelin-

146 1395 281 1466 quenS,
300 1371 480 1442 confusus
500 1393 586 1441 cum
606 1393 743 1465 magna
762 1368 916 1441 tristicia
938 1378 975 1440 et
1002 1365 1241 1439 desolacione

112 1517 113 1520 =
147 1481 185 1543 et
199 1473 362 1568 dampno
378 1471 508 1566 viginti
524 1469 664 1542 milium
683 1493 894 1541 marcarum
911 1468 947 1539 in
962 1465 1241 1539 Wratislaviam
1273 1549 1275 1553 v

29 1633 31 1638 .
146 1571 349 1668 repedavit.
388 1571 395 1584 '
949 1640 953 1650 ,

220 1670 261 1741 ln
293 1695 390 1742 anno
419 1672 525 1743 1332.
556 1680 738 1742 exeuntes
768 1667 939 1740 cruciferi
978 1666 1014 1738 iu
1044 1689 1137 1738 cena
1168 1665 1351 1745 Donato.

145 1770 234 1842 rnini
253 1771 490 1843 vallaverunt
507 1769 650 1865 Brestz7
670 1793 783 1866 quam
802 1768 1057 1866 inpugnantes
1083 1775 1242 1864 quatuor

121 1869 274 1943 ‘diebus
301 1895 384 1944 cum
405 1870 590 1942 machinis
618 1880 655 1941 et
681 1869 762 1941 aliis
788 1867 1062 1963 instrumentis,
1081 1891 1125 1939 eo
1143 1869 1240 1965 quod

144 1971 254 2068 pauci
270 1971 407 2042 milites
423 1972 574 2042 fuerunt
600 1969 638 2040 in
665 1994 722 2064 ea7
749 1969 874 2065 ipsam
899 1991 968 2066 per
994 1967 1245 2040 tradicionem·

145 2071 355 2166 aliquorum
388 2070 525 2142 civium
553 2069 680 2166 quinto
709 2069 767 2140 die
796 2069 1045 2140 obtinuerunt.
1085 2068 1170 2165 lpso
1203 2067 1240 2137 in
1338 2118 1353 2140 .

142 2179 316 2268 tempore
336 2169 725 2263 Wladyslavia-iunior
750 2179 885 2266 sponte
914 2193 956 2240 se
985 2167 1144 2240 subdidit
1170 2166 1241 2238 eis·
1369 2185 1375 2198 ·

144 2272 240 2343 dem.
291 2271 437 2344 Milites
467 2269 580 2366 igitur
606 2293 692 2341 cum
720 2269 895 2342 uxoribus
923 2279 960 2340 et
987 2267 1112 2366 pueris
1145 2267 1240 2339 ultro

100 2430 102 2433 .
144 2371 340 2444 exulantes
361 2381 487 2468 preter
512 2370 704 2443 Albertum
733 2370 937 2468 palatinum
974 2368 1111 2440 dictum
1144 2369 1240 2443 Cho·

144 2471 303 2565 stelecz7
324 2471 440 2566 quiin
468 2481 591 2542 castro
611 2471 707 2543 dicto
731 2472 892 2543 Pacoscz
912 2494 955 2542 se
979 2493 1064 2542 cum
1085 2468 1163 2540 suis
1182 2492 1240 2540 re-

144 2570 244 2666 cepit
263 2581 300 2641 et
318 2569 424 2642 dictis
445 2593 486 2642 se
507 2570 698 2642 cruciferis
719 2571 872 2642 viriliter
891 2570 1103 2642 resistendo
1125 2592 1239 2664 oppo·
1349 2609 1351 2612 ·

145 2669 231 2764 suit,
250 2669 312 2742 alii
327 2693 461 2741 omnes
477 2668 513 2739 in
530 2669 749 2756 Cracoviam
770 2672 814 2741 ad
843 2693 973 2765 regem
1002 2693 1045 2741 se
1073 2669 1240 2740 contule-

143 2779 238 2842 runt.
291 2771 377 2867 Ipso
397 2793 495 2841 anno
516 2769 600 2842 talis
630 2780 735 2842 estus
763 2769 830 2841 fuit
858 2780 897 2840 ut
922 2768 1096 2841 homines
1123 2767 1239 2838 vetuli

142 2872 315 2943 dixerunt
332 2893 539 2966 numquam
557 2894 599 2943 se
626 2870 759 2942 diebus
787 2869 866 2942 suis
885 2869 921 2940 in
940 2879 1041 2942 terra
1060 2867 1239 2942 Cracovie
1258 2927 1261 2932 .

142 2970 256 3043 talem
287 2981 410 3043 estum
436 2970 555 3044 fuisse
576 2981 769 3068 expertos5
799 2973 897 3041 unde
917 2973 961 3042 ad
990 2993 1128 3065 magne
1146 2967 1238 3040 indi·

143 3070 241 3142 cium
261 3070 437 3144 siccitatis
455 3071 643 3144 Vandalus
655 3069 790 3143 fluvius
806 3070 842 3141 ιιι
858 3081 1002 3142 tantum
1018 3069 1184 3142 decrevit
1200 3078 1239 3140 ut

141 3171 321 3244 decennis
337 3181 375 3244 et
388 3173 641 3244 duodecennis
657 3171 784 3269 pueris
798 3171 836 3242 ιιι
851 3171 1017 3268 pluribus
1032 3170 1124 3242 locis
1136 3193 1238 3240 mea-

143 3270 227 3344 bilis
256 3283 294 3344 et
317 3271 498 3344 vadabilis
527 3283 641 3345 esset.
700 3271 837 3344 Messis
864 3271 982 3343 eciam
1014 3270 1064 3341 ita
1093 3280 1238 3342 mature

142 3371 309 3442 advenit
326 3382 366 3443 ut
399 3371 436 3442 in
463 3372 561 3443 festo
588 3371 707 3444 sancti
729 3371 906 3444 lohannis
932 3370 1094 3468 baptiste
1120 3369 1237 3441 multa
1345 3463 1347 3468 Ι

9 3491 11 3502 ⁴
143 3469 295 3568 capecia
324 3470 482 3566 siliginis
506 3471 542 3542 in
569 3495 702 3568 campo
733 3482 996 3562 cernerentura
1023 3470 1123 3543 omni
1149 3469 1237 3542 etati

140 3571 335 3643 homiuum
363 3581 450 3643 ante
478 3569 709 3668 incognitum
743 3571 907 3644 invisum
944 3582 981 3644 et
1019 3570 1236 3643 inauditum.

140 3671 281 3744 Eodem
307 3695 405 3744 anno
429 3671 527 3744 circa
546 3673 686 3745 festum
704 3672 881 3745 Iohannis
900 3671 1062 3768 baptiste
1081 3671 1238 3743 Vincen-

4 3799 6 3832 ι
140 3771 219 3845 cius
237 3769 427 3868 'palatinus
446 3773 723 3869 inopinabiliter
747 3773 821 3844 telo
856 3795 1060 3870 percussus
1088 3771 1235 3844 interiit.

137 3873 217 3946 Rex
231 3873 458 3962 Wladislaus
477 3897 567 3944 vero
588 3874 684 3946 circa
706 3872 1013 3971 assumpcionem
1032 3875 1141 3945 beate
1158 3872 1237 3945 Vir·
1247 3893 1339 3954 tran

138 3973 236 4069 ginis
257 3973 394 4046 iterum
415 3983 543 4046 contra
558 3974 767 4048 ¹cruciferos
788 3985 846 4046 est
871 3974 1064 4071 profectus
1093 3983 1131 4044 et
1149 3973 1234 4070 quia

134 4074 370 4147 fraudatores
400 4098 587 4171 nusquam
610 4075 766 4170 desunt,
794 4074 907 4147 nichil
929 4074 1027 4146 circa
1047 4073 1152 4170 ipsos
1173 4098 1235 4146 va-

134 4173 218 4247 lens
234 4173 432 4271 prolicere,
451 4185 606 4272 treugas
623 4199 743 4274 usque
763 4180 807 4248 ad
823 4185 1066 4275 pentecostes
1085 4173 1234 4249 interim
