3060 4828
279 372 494 450 ANNALES
522 377 739 454 CAPITULI
766 381 1120 460 CRACOVlENSlS.
1205 391 1252 464 35

154 575 383 672 propagines
409 577 606 674 palmitum
627 582 745 676 gestis
773 582 808 654 in
836 583 992 656 collecta
1011 584 1250 660 multitudine

161 676 313 770 generis
334 675 391 749 cui
411 689 529 750 totum
549 690 587 751 te
613 686 725 754 rebus
746 705 902 780 corpore
930 697 967 756 et
985 686 1107 758 anima
1129 686 1250 761 credis

155 787 191 848 et
210 778 446 876 concupiscis
466 789 543 850 toto
564 782 762 855 conamine
781 786 994 882 propagari.
1201 854 1205 868 ,,

227 879 335 948 Anno
367 878 634 952 incarnationis
670 883 809 955 domini
845 884 964 958 nostri
996 885 1082 958 lesu
1112 887 1251 960 Christi

157 981 262 1052 1312.
292 979 394 1052 cives
430 981 703 1056 Cracovienses
730 983 830 1056 rabie
867 985 1002 1058 furoris
1035 987 1250 1060 Germanici

152 1078 317 1176 perusti,
342 1079 483 1152 fraudis
511 1081 635 1177 amici⁷
662 1085 844 1182 pacisque
870 1085 1038 1183 palleati.
1059 1087 1190 1160 hostes
1211 1099 1249 1160 et

153 1179 278 1273 oculti⁷
310 1182 447 1252 domno
464 1181 678 1276 Wladyzlao
698 1186 780 1256 duci
801 1187 993 1279 Cracovie7
1010 1186 1246 1260 Sandomirie

152 1303 197 1350 ac
231 1281 381 1353 domino
415 1281 536 1354 tocius
577 1284 684 1380 regni
716 1286 888 1382 Polonie,
929 1291 1246 1384 quemadmodum

152 1380 260 1453 ludas
301 1382 386 1454 lesu
403 1383 574 1455 osculum
588 1388 807 1482 prebentes,
834 1387 915 1458 vice
938 1389 1139 1459 iuramenti
1164 1412 1247 1484 pre-

152 1489 296 1554 stantes
312 1483 512 1579 cautelam,
532 1485 701 1581 deposito
718 1485 785 1558 Dei
796 1486 930 1559 timore
946 1489 1249 1560 contradixerunt

153 1594 190 1655 et
216 1582 432 1656 Bolezlaum
465 1585 600 1656 ducem
632 1585 875 1681 Opoliensem
903 1590 1138 1660 induxerunt.
1175 1587 1246 1675 Qui

114 1689 117 1694 ’
150 1687 304 1758 tandem
324 1710 409 1758 cum
428 1683 528 1758 dicto
547 1685 746 1758 Wladizlao
773 1685 989 1760 Loketcone
1009 1688 1249 1760 concordavit

150 1785 338 1883 illatisque
372 1785 675 1883 quamplurimis
696 1789 867 1884 dampnis
889 1789 1044 1890 civibusq
1058 1789 1244 1886 captivato
1316 1847 1318 1852 .

151 1891 332 1960 advocato
358 1887 508 1959 Alberto
535 1887 657 1958 omnis
677 1886 882 1985 iniquitatis
908 1888 1102 1986 principio7
1130 1888 1246 1961 deci-

150 1989 264 2062 vitate
284 1987 444 2060 recessit
463 1989 562 2058 etad
581 1987 732 2084 propria
751 1991 943 2061 remcavit.
997 1991 1093 2060 Ecce
1113 1988 1247 2060 imme-

150 2088 248 2162 diate
273 2086 550 2162 illustrissimus
582 2086 758 2185 princeps
793 2090 1018 2162 Wladizlaus
1055 2089 1245 2161 civitatem

149 2188 1245 2290 predictamsubintransdenuociviumaliquoscaptivavit,

150 2293 330 2365 carcerali
350 2288 517 2363 custodie
528 2289 692 2361 reclusit.
715 2289 792 2362 Hos
803 2291 1009 2388 captivatos
1023 2291 1162 2362 seviter
1177 2313 1253 2388 per.

150 2403 268 2464 totam
304 2393 492 2463 civitatem
527 2387 633 2486 equis
667 2391 794 2486 traxit,
831 2401 1046 2488 tractosque
1077 2389 1242 2488 patibulo

151 2502 256 2565 extra
285 2493 473 2563 civitatem
498 2489 762 2564 miserabiliter
789 2493 1003 2589 suspendit,
1031 2491 1243 2588 ibidemque

150 2593 283 2664 funera
298 2592 438 2663 tamdiu
453 2595 619 2689 pendere
634 2585 736 2686 fecit,
747 2591 1106 2688 quoadusquenervi
1118 2601 1245 2688 putre·

149 2693 237 2765 facti
253 2693 399 2766 ossium
421 2693 686 2789 compaginem
713 2692 975 2764 dissolverunt.
1026 2691 1244 2787 Eodemque

149 2818 248 2866 anno
265 2804 429 2868 castrum
449 2793 486 2864 in
499 2792 647 2865 civitate
660 2796 848 2865 destructa
866 2795 975 2864 domo
987 2792 1121 2889 prefati
1134 2794 1243 2864 advo·

150 2895 222 2967 cati
237 2895 444 2968 construxit
455 2904 491 2966 et
505 2893 637 2965 turrim
652 2894 689 2965 in
705 2893 814 2966 valva
830 2895 990 2966 ducente
1006 2895 1049 2964 ad
1061 2892 1242 2965 Sanctum

148 2995 370 3068 Nicholaum
390 2993 586 3067 edificavit.

224 3107 300 3182 Sub
337 3131 434 3179 anno
461 3101 610 3176 Domini
639 3105 746 3176 1331.
774 3125 837 3173 rex
866 3101 1093 3176 Wladislaus
1122 3100 1345 3172 dictassenu

147 3208 318 3281 Loketko
346 3205 520 3279 dominus
547 3202 726 3277 Cracovie
754 3213 790 3273 et
815 3202 935 3274 tocius
956 3201 1107 3274 Polonic
1135 3197 1242 3294 regni

148 3333 218 3404 per
236 3309 457 3380 temerarios
475 3305 611 3376 fratres
626 3311 662 3374 et
677 3303 839 3396 rabidos,
867 3303 1002 3374 iratres
1022 3303 1243 3372 Thorunen·
1329 3302 1331 3307 ’

148 3431 213 3479 ses
233 3405 449 3497 cruciferos,
464 3403 619 3474 invasus
638 3411 783 3472 temere
804 3403 1063 3474 contraDeum
1084 3409 1121 3472 et
1139 3399 1243 3470 iusti-

148 3508 245 3580 ciam
265 3517 404 3578 terram
426 3526 534 3575 suam
554 3525 740 3597 occupare
759 3501 948 3595 volentes,
975 3500 1153 3572 naciones
1185 3523 1242 3570 se-

146 3620 251 3707 ptem
267 3618 416 3682 exteras
426 3614 556 3676 contra
575 3599 991 3674 errndeleadislaum
1007 3623 1138 3696 regem
1160 3623 1247 3670 con-

147 3718 342 3806 gregatas,
362 3715 543 3778 conantes
564 3701 816 3776 exterminare
832 3704 991 3796 ydyoma
1012 3699 1243 3810 Polonicum‚

41 3804 45 3810 ’
145 3811 310 3882 inierunt
320 3827 570 3904 congressum
590 3812 718 3875 contra
732 3805 892 3874 eundem
906 3801 1031 3875 animo
1045 3799 1242 3898 pertinaci,

145 3910 270 3984 valida
290 3932 404 3982 manu
431 3903 583 3980 brachio
613 3912 763 3975 extento
777 3901 881 3974 'circa
900 3903 1084 3975 Brescum
1101 3900 1241 3972 babue-

145 4022 232 4084 runt
249 4011 341 4082 feria
357 4019 463 4082 sexta
485 4005 522 4078 in
537 4005 595 4076 die
620 4002 739 4076 sancti
763 4001 939 4076 Stanislai
960 4000 1189 4094 conflictum,
1216 4023 1239 4070 a

50 4201 54 4208 .
147 4112 281 4208 quibus
313 4109 530 4184 ceciderunt
557 4103 680 4178 divina
710 4103 881 4199 potencia
907 4114 1097 4176 annuente
1127 4099 1247 4173 sancti

943 4202 991 4278 3ss
