3040 4856
401 329 616 444 anninus
634 364 1004 444 uscnounnsns.
1177 370 1249 448 ιοιι

101 585 104 590 ·
157 565 374 664 archangeli
405 577 444 639 et
473 567 640 642 omnium
673 567 988 663 archangelorum
1016 575 1054 638 et
1080 565 1248 638 omniurn

157 691 392 740 summorum
426 669 647 763 angelorum
680 678 717 740 et
752 667 872 740 sancti
898 665 1056 765 Philippi
1088 666 1249 762 apostoli

157 779 194 840 et
213 778 344 861 sancte
358 768 548 840 Dorothee
563 767 728 863 virginis.
765 766 963 840 Dedicacio
979 766 1122 864 capelle
1138 769 1249 839 debet

154 866 274 940 teneri
293 867 414 964 prima
433 867 618 938 dominica
636 878 723 964 post
741 868 879 940 festum
909 866 1027 938 sancti
1048 867 1142 938 Galli
1163 889 1249 938 con·

153 967 335 1042 fossoris.¹
355 967 450 1038 ltem
485 967 583 1039 aliud
618 968 736 1038 altare
764 977 869 1039 extra
905 966 1089 1063 capellam
1117 989 1249 1038 conse·
1293 970 1297 977 '

156 1076 307 1140 oratum·
321 1076 380 1138 est
397 1069 442 1138 ad
459 1067 641 1138 honorem
655 1067 774 1138 sancti
789 1065 987 1162 Augustini
1016 1076 1053 1138 et
1079 1065 1248 1138 omnium

154 1177 370 1242 sanctorum
385 1169 578 1238 doctorum
593 1176 631 1238 et
644 1176 775 1239 sancte
789 1165 945 1262 Agnetis
961 1175 999 1238 et
1014 1177 1145 1239 sancte
1159 1166 1247 1238 Bar·
1281 1165 1288 1173 “

153 1271 244 1341 bare
262 1265 450 1362 virginum
465 1290 509 1338 ac
524 1266 722 1339 mulierum
741 1269 947 1339 beatarum.

229 1368 338 1438 Anno
365 1366 515 1445 Domini
546 1369 651 1440 1404.
677 1366 838 1438 Michael
871 1366 1085 1463 prepositus
1118 1365 1246 1438 villam

153 1466 316 1540 Yedlcza
348 1466 484 1539 dictam
516 1490 634 1564 prope
661 1465 882 1539 Wroozirziz
913 1488 981 1564 pro
1006 1469 1083 1540 330
1108 1464 1245 1538 marcis

156 1566 384 1664 conparavit.

116 1667 120 1672 ’
228 1670 336 1740 Αιιιιο
351 1666 497 1739 Domini
515 1669 620 1740 1406.
635 1677 808 1766 tempore
826 1663 1153 1738 domnerchaelrs
1162 1687 1246 1762 pre

153 1767 279 1864 positi,
294 1767 608 1864 sueprepositure
626 1790 724 1837 anno
737 1757 948 1861 undecimo,
963 1787 1099 1863 corpus
1115 1763 1246 1861 templi

152 1865 431 1939 Meohoviensis
463 1867 531 1939 fuit
561 1875 866 1939 consummatum
893 1889 938 1936 ac
968 1865 1088 1938 eciam
1106 1863 1246 1960 tegulis

154 1975 387 2062 coopertum.
448 1966 542 2037 ltem
557 1969 691 2039 eodem
706 1987 805 2038 anno
827 1964 1036 2040 brasorium
1055 1974 1245 2037 muratum

154 2075 254 2138 retro
273 2065 415 2136 fontem
434 2065 531 2137 lecit.

228 2167 335 2237 Anno
370 2163 519 2236 Domini
561 2167 667 2238 1408.
698 2173 870 2262 tempore
898 2163 1022 2236 domni
1049 2163 1243 2236 Michaelis

151 2264 333 2362 prepositi
364 2268 558 2337 combusta
591 2263 660 2334 luit
695 2273 774 2337 tota
806 2263 937 2336 civitas
965 2262 1243 2336 Mechoviensis

151 2375 279 2460 preter
310 2364 581 2436 monasterium
610 2373 647 2434 et
685 2363 898 2438 ecclesiam.
951 2363 1053 2437 lstud
1090 2363 1245 2459 contigit

153 2463 245 2535 feria
272 2473 378 2535 sexta
405 2473 491 2535 ante
520 2463 784 2537 ascensionem
810 2463 999 2536 Domini
990 2490 1027 2536 m
1060 2465 1119 2539 die
1145 2462 1306 2537 reatina
1315 2489 1353 2538 ιι.

152 2562 290 2634 Urbani
308 2585 407 2659 pape
427 2572 464 2632 et
482 2561 656 2634 martiris.

230 2664 336 2736 1409
363 2661 525 2734 ecclesia
552 2661 827 2735 llllechoviensis
860 2661 928 2734 fuit
960 2672 1061 2746 tecta
1089 2663 1242 2759 plumbo

151 2763 288 2833 domno
309 2761 491 2834 Michaele
514 2761 707 2874 preposito
732 2761 937 2835 ordinante.
996 2762 1089 2834 ltem
1109 2764 1242 2834 eudem

151 2883 251 2933 anno
268 2861 336 2933 fuit
355 2861 546 2959 expedicio
565 2863 664 2934 lacta
690 2872 815 2934 contra
837 2863 1039 2935 cruciferos
1068 2865 1134 2936 sed
1162 2862 1243 2934 nul·

149 2962 208 3033 lus
228 2961 385 3034 effectus
406 2985 451 3033 ex
471 2986 515 3035 ea
535 2962 612 3036 fuit.
645 2963 748 3037 Tunc
767 2963 939 3036 cruciferi
956 2973 1097 3036 terram
1114 2953 1243 3038 Dubri·
1252 2971 1311 3029 Au

150 3083 310 3134 nensem
336 3065 640 3158 devastaverunt
665 3074 830 3136 castrum
858 3074 897 3136 et
922 3063 1156 3165 municiones
1185 3087 1242 3135 ra·

149 3172 311 3258 puerunt
330 3171 367 3234 et
385 3163 456 3234 alia
476 3174 758 3236 concusserunt.

222 3261 329 3332 Anno
349 3262 496 3333 Domini
519 3266 624 3335 1408.
645 3263 788 3358 capella
808 3267 877 3334 sub
892 3261 981 3333 turri
1003 3285 1087 3332 curn
1107 3285 1176 3334 suo
1191 3263 1242 3333 al·

149 3357 219 3431 tari
245 3360 313 3431 fuit
338 3372 557 3434 consecrata
587 3360 834 3433 inhonorem
865 3362 984 3433 sancti
1013 3361 1174 3459 sepulcri
1204 3373 1242 3435 et

149 3459 269 3531 sancti
287 3460 418 3533 Lazari
439 3470 476 3532 et
494 3470 626 3532 sancte
644 3461 763 3532 Marte
783 3471 821 3532 et
845 3471 976 3532 sancte
999 3461 1115 3533 illane
1140 3463 1240 3560 Mag-

148 3559 292 3632 dalene.
334 3561 428 3632 ltem
445 3561 516 3632 duo
531 3560 602 3631 alia
618 3561 748 3631 altaria
763 3563 897 3632 eodem
912 3559 971 3632 die
986 3561 1136 3632 fuerunt
1154 3583 1240 3631 con

148 3670 295 3731 secrato
313 3659 350 3731 in
370 3683 527 3758 corpore
542 3660 685 3758 templu
705 3684 819 3732 unum
836 3671 1001 3774 exparte
1015 3661 1240 3733 domussrve

147 3758 249 3831 curie
268 3759 303 3830 in
323 3759 507 3832 honorem
527 3761 647 3833 sancti
674 3761 796 3834 lacohi
816 3761 968 3834 maioris
989 3771 1027 3833 et
1044 3761 1164 3833 sancti
1184 3764 1240 3836 lo·

144 3857 282 3931 hannis
298 3861 542 3958 ewangeliste
554 3873 591 3934 et
605 3861 772 3934 omniurn
791 3861 1045 3976 apostolorum
1066 3872 1104 3933 et
1118 3886 1239 3936 ewan

145 3959 377 4052 gelistarum.
424 3963 518 4035 ltem
537 3962 654 4035 altare
674 3987 719 4034 ex
736 3972 844 4060 parte
863 3961 1022 4035 civitatis
1042 3981 1239 4034 consecra

144 4065 225 4130 tum
239 4071 298 4132 est
311 4061 539 4136 inhonorem
555 4073 771 4136 sanctorum
781 4062 934 4158 Nicolai‚
945 4061 1090 4134 Martini
1103 4062 1238 4134 etalio·

144 4179 227 4230 rum
238 4161 464 4257 pontificum
485 4175 523 4237 et
541 4162 708 4238 omnium
736 4165 1009 4238 confessorum.
1095 4163 1236 4234 Eodem
