3040 4856
295 348 454 422 noma
480 289 807 426 cocornensis
833 349 897 424 ax
925 350 1031 426 con.
1063 353 1096 426 a.
1205 356 1254 428 or

50 615 53 622 .
163 572 283 646 equus
310 572 380 621 nec
400 572 544 643 currus,
573 560 610 621 et
629 550 762 622 fratres
780 549 819 620 in
843 549 904 622 illa
924 549 1075 647 antiqua
1095 549 1257 622 ecclesia

163 650 314 720 fuerunt
348 648 579 721 devotissimi
591 703 602 743 7
644 649 956 745 silenciosissimi‚
989 648 1258 748 caritatissimi‚

162 749 489 846 exemplarissimi.
527 749 730 845 Postquam
761 760 931 823 mortuus
964 761 1024 825 est
1049 750 1256 847 civisoog·

162 849 313 922 nomine
339 849 488 936 Quanta
507 859 726 945 procurator·
750 851 927 944 fratrum,
969 850 1111 947 legavit
1136 851 1257 922 fratri·

161 953 230 1021 bus
275 949 469 1021 fornacem
510 949 671 1020 laterum
707 959 745 1020 et
779 949 904 1022 calcis.
966 950 1070 1023 Tunc
1106 949 1257 1024 Gabriel

161 1047 349 1141 Svyrkoth
371 1073 437 1146 pro
456 1059 545 1120 tunc
559 1049 597 1120 in
618 1048 759 1142 Lubiyn
777 1049 944 1128 existens
960 1050 1059 1148 cepit
1078 1050 1255 1147 frangere

162 1150 318 1227 chorum
342 1150 535 1245 antiquum
559 1160 596 1222 et
620 1159 839 1222 construere
870 1159 1054 1224 mutatum
1086 1150 1255 1224 chorum.

161 1249 349 1346 Tempore
388 1249 460 1322 isto
500 1249 620 1346 primo
659 1249 728 1323 fuit
764 1259 936 1347 apertum
976 1250 1181 1338 claustrum
1216 1249 1254 1322 in

159 1347 315 1442 Lnblyn,
341 1359 431 1421 tunc
457 1347 494 1421 in
514 1349 677 1422 claustro
697 1349 796 1422 idem
823 1349 1011 1442 Svyrkoth
1035 1349 1132 1423 intra
1159 1349 1255 1422 refe·

162 1449 319 1521 ctorium
351 1460 389 1523 et
406 1449 502 1521 intra
526 1451 717 1547 antiquam
738 1448 971 1522 infirmiriam
990 1451 1133 1522 fecerat
1150 1473 1256 1546 mag·

159 1574 246 1620 nam
268 1550 462 1622 fornacem
480 1551 525 1622 ad
545 1552 778 1623 exurendum
803 1551 957 1646 lateres,
983 1552 1050 1622 sed
1077 1550 1254 1638 consules

160 1648 415 1746 prohiberunt
452 1659 490 1722 et
475 1649 577 1721 tilia
604 1651 735 1722 fornax
763 1660 822 1722 est
848 1651 1041 1722 tumulata.
1093 1649 1255 1723 Nichilo·

158 1749 282 1822 minus
303 1751 439 1822 chorus
454 1773 560 1821 muro
577 1750 937 1824 circummuiabatur
952 1750 1060 1824 etifie
1079 1750 1254 1847 antiquus

160 1851 297 1922 chorus
317 1850 561 1946 frangebatur
588 1875 673 1922 oum
700 1875 839 1948 magno
869 1851 1061 1946 scandalo⁷
1089 1874 1255 1923 murmu-

158 1948 309 2021 racione
344 1948 432 2022 licet
417 1949 569 2022 tomni
594 1949 711 2046 finito,
746 1954 843 2048 quod
881 1952 995 2023 choro
1030 1951 1226 2024 testudo
1216 1975 1254 2023 m

158 2049 272 2122 choro
298 2059 446 2122 murata
464 2060 502 2122 et
519 2052 654 2123 eodem
672 2051 731 2122 die
751 2075 823 2148 quo
845 2061 903 2124 est
927 2049 1030 2124 finita
1051 2051 1189 2123 corruit
1218 2060 1255 2124 et

158 2147 292 2221 cecidit
277 2159 366 2223 tet
390 2149 427 2220 in
455 2148 632 2222 nichilum
661 2154 850 2223 destructa
877 2175 951 2222 non
988 2151 1070 2224 sine
1104 2150 1253 2248 magnis

155 2249 326 2362 inpensis
344 2248 603 2347 pecuniarum.
653 2251 757 2324 Tunc
783 2251 973 2324 demum
963 2277 1000 2322 m
1029 2251 1142 2324 choro
1169 2274 1253 2348 pre-

157 2349 255 2422 dicto
276 2353 441 2422 secunda
459 2354 609 2424 testudo
638 2362 697 2424 est
724 2361 871 2425 murata
898 2376 981 2424 oum
1009 2352 1157 2448 magnis
1185 2351 1253 2424 im·

156 2448 300 2546 pensis⁷
319 2473 391 2545 que
410 2453 522 2522 modo
538 2453 661 2524 adhuc
681 2461 757 2523 stat
777 2463 846 2525 etc.

230 2549 339 2619 Anno
358 2549 508 2621 Domini
529 2553 635 2624 1487.
663 2551 823 2622 fractum
849 2561 910 2624 est
928 2575 1063 2722 cortpus
1089 2549 1251 2623 ecclesie

101 2721 106 2734 ,
157 2659 287 2720 nostre
312 2647 348 2720 in
375 2652 509 2722 robora
534 2649 713 2745 quercina
747 2661 936 2740 muratum
967 2661 1004 2722 et
1028 2649 1252 2747 inceperunt

158 2772 294 2846 corpus
315 2748 476 2821 ecclesie
496 2773 647 2822 murare
666 2773 753 2822 oum
771 2752 920 2847 magnis
941 2750 1130 2862 expensis.

190 2852 338 2922 Anno
357 2849 505 2922 Domini
528 2851 634 2924 1495.
654 2850 788 2923 fratres
816 2852 885 2924 soli
910 2849 1173 2949 cooperierunt
1197 2848 1249 2921 la-

156 2949 297 3023 teribus
316 2960 435 3022 totum
456 2974 592 3047 corpus
612 2951 784 3024 ecclesie.

229 3051 338 3121 Anno
357 3050 506 3122 Domini
529 3053 635 3125 1497.
656 3052 878 3150 inceperunt
896 3051 1125 3125 testudinem
1146 3047 1248 3123 edifi-

158 3172 244 3223 care
266 3162 305 3223 et
322 3149 425 3224 finita
445 3162 504 3223 est
521 3151 657 3225 die...

231 3251 337 3321 Anno
373 3252 521 3323 Domini
553 3254 658 3324 1497.
694 3251 864 3324 edificate
898 3262 985 3323 sunt
1027 3253 1247 3323 membrano

156 3349 276 3421 celule
317 3373 387 3447 per
418 3351 554 3422 fratres
593 3350 713 3438 solos
749 3376 817 3448 per
850 3352 1004 3423 fratrem
1038 3350 1247 3422 iohannem

155 3447 340 3546 pictorem
365 3453 601 3522 sacerdotem
623 3454 668 3522 de
692 3452 846 3546 Pyzdry,
867 3476 933 3548 per
955 3451 1109 3523 fratrem
1133 3451 1250 3522 Fran

154 3549 296 3622 ciscum
312 3554 549 3624 sacerdotem
564 3551 610 3622 de
634 3551 817 3644 Przythyk
845 3562 883 3624 et
869 3552 1060 3624 tfratrem
1090 3551 1244 3645 Symeo-

151 3675 239 3724 nem
260 3653 305 3723 de
323 3651 544 3747 Brzeznycz.
578 3651 637 3724 Hii
655 3663 733 3724 tres
753 3650 911 3726 fideliter
936 3656 1176 3726 membranas
1194 3651 1245 3722 la·

155 3755 393 3826 boraverunt.

456 3953 940 3986 *-
