3040 4856
280 382 352 453 114
515 375 733 452 Adortus
759 375 1132 454 uuoltovludsus.

274 577 430 654 Litwani
455 587 493 651 et
517 577 681 652 Rutheni
707 577 894 650 interfecti
934 589 1033 652 sunt.
1101 579 1244 652 Eodem
1271 602 1372 651 anno

202 678 459 776 sen-magister
482 701 646 774 magnus
680 678 927 750 Prutenorum
958 701 1051 775 rege
1077 679 1282 753 Wladislao
1309 683 1371 752 ab·

276 791 398 876 sente,
413 777 632 852 subintravit
649 801 808 874 regnum
826 777 979 850 Polonie
998 789 1036 850 et
1049 778 1186 852 ibidem
1201 779 1367 852 infinitas

275 881 383 953 villas
409 888 445 951 et
477 877 649 951 civitates
677 877 859 951 cremavit
884 877 921 950 in
945 889 1046 952 terra
1073 879 1307 973 Cuyawiensi
1334 889 1371 950 et

274 979 357 1054 aliis
377 978 738 1052 circumiacentibus.
794 978 889 1051 Item
904 981 1036 1052 eodem
1052 1004 1151 1052 anno
1167 1002 1240 1077 quo
1256 1003 1370 1076 supra

274 1105 341 1154 rex
363 1079 590 1155 wladislaus
604 1078 747 1177 recepit
767 1089 916 1152 nostras
941 1079 1063 1176 villas,
1089 1079 1265 1152 videlicet
1291 1079 1372 1152 Sta·
1506 1165 1507 1176 2

272 1205 418 1277 wyauy,
436 1179 955 1276 Wroczyrsysz,1adownyky
989 1189 1025 1251 et
1057 1179 1150 1254 alios
1178 1179 1369 1254 circumia-

276 1291 427 1378 centes,
458 1291 496 1353 et
526 1281 628 1352 dedit
658 1280 761 1377 ipsos
793 1279 1015 1375 quibusdam
1035 1280 1218 1354 nobilibus
1237 1279 1373 1377 quibus
1506 1285 1507 1310 ¹

275 1383 424 1454 fuerant
441 1384 537 1453 bona
567 1379 797 1452 crematam
824 1390 925 1454 terra
951 1379 1195 1477 Cuynviensi⁷
1232 1390 1269 1451 et
1297 1379 1369 1452 iste

179 1482 363 1554 neuville
389 1482 541 1552 fuerunt
566 1491 719 1578 recepte
746 1480 861 1552 tercia
892 1480 952 1552 die
979 1491 1068 1553 ante
1094 1479 1371 1554 festumsancti

275 1581 434 1655 Martini.

350 1682 444 1753 Item
464 1702 563 1751 anno
582 1677 731 1753 Domini
753 1680 860 1752 1432.
890 1680 1051 1752 domnus
1070 1679 1260 1752 lohannes
1286 1703 1370 1777 pre·

273 1780 420 1880 positus
438 1776 749 1874 Myechowiensis
769 1777 970 1875 inpetravit
996 1781 1093 1876 apud
1113 1780 1294 1852 domnum
1312 1802 1371 1852 re·

274 1905 362 1980 gem
382 1881 479 1978 quod
498 1879 584 1953 ville
603 1878 769 1976 predicte
789 1879 939 1951 fuerunt
957 1879 1063 1954 nobis
1081 1879 1164 1952 vice
1182 1903 1294 1952 versa
1312 1902 1370 1952 re-

164 2004 207 2048 m.
228 1982 402 2056 restitute
417 1980 453 2052 in
468 1979 567 2052 festo
582 1989 713 2052 sancte
728 1979 873 2052 Marthe
887 1979 1038 2077 hospite
1054 1979 1191 2055 Christi
1205 1980 1243 2052 in
1257 1980 1368 2053 Bowa

273 2092 361 2182 post
380 2082 631 2175 Radossycze.

348 2183 443 2254 item
468 2205 566 2253 anno
585 2178 734 2255 Domini
763 2181 871 2254 4433.
900 2181 1061 2254 domnus
1079 2180 1269 2254 lohannes
1287 2205 1371 2280 pre-

273 2282 419 2382 positus
435 2280 736 2376 Myechoviensis
755 2303 841 2352 oum
858 2305 926 2352 suo
948 2290 1132 2354 conventu
1152 2279 1221 2352 fuit
1236 2281 1370 2354 citatus

274 2384 312 2456 in
332 2381 487 2455 Perusio
507 2382 552 2452 ad
577 2379 797 2476 generalem
825 2379 1001 2476 priorem.
1082 2381 1225 2453 Eodem
1251 2381 1371 2453 eciam

274 2503 373 2555 anno
392 2480 564 2554 similiter
591 2480 725 2552 citatur
753 2482 798 2550 ad
827 2479 1027 2556 concilium
1058 2479 1309 2554 Basiliensem
1334 2491 1372 2553 et

272 2584 411 2657 ibidem
429 2579 498 2654 fuit
522 2580 716 2654 absolutus
743 2583 790 2653 ab
817 2579 995 2654 instantia
1022 2581 1157 2678 prioris
1181 2580 1371 2678 generalis

273 2681 522 2756 Perusiensis
585 2681 728 2754 Eodem
743 2704 841 2752 anno
857 2704 1058 2777 regressus
1074 2682 1242 2777 prefatus
1256 2705 1372 2754 vene·

272 2783 398 2858 rabilis
410 2793 518 2880 peter
531 2784 577 2854 de
591 2781 740 2854 Basilea
752 2790 788 2852 et
799 2804 873 2853 non
888 2781 1195 2854 invenitdomum
1209 2780 1260 2854 ita
1275 2781 1372 2854 sicut

163 2910 215 2953 nn.
227 2906 264 2955 ³1.
274 2908 359 2957 eam
379 2882 608 2978 relinquerat
627 2882 692 2954 sed
712 2881 750 2951 in
769 2880 897 2956 multis
917 2879 1233 2978 dampnificatam.

347 2982 441 3054 item
467 3005 565 3052 anno
589 2978 738 3050 Domini
775 2981 881 3051 1434.
909 2979 1002 3051 feria
1038 2983 1205 3053 secunda
1239 2980 1275 3051 in
1310 2978 1370 3052 die

274 3081 484 3153 Petronelle
509 3077 665 3173 virginis
698 3077 965 3151 serenissimus
993 3078 1169 3179 princeps
1195 3090 1233 3152 et
1256 3078 1372 3154 domi·

272 3204 345 3252 nus
365 3177 592 3252 Wladislaus
620 3176 714 3248 alias
741 3178 856 3272 lagob
884 3177 1042 3250 nacione
1070 3179 1277 3273 Litwanus,
1304 3204 1371 3252 rex

274 3280 444 3374 Polonie,
472 3287 642 3350 mortuus
661 3286 722 3350 est
741 3286 778 3348 et
796 3279 931 3350 eodem
951 3288 1123 3376 tempore
1141 3279 1212 3352 fuit
1229 3303 1371 3376 magna

274 3405 364 3478 spes
393 3405 414 3452 a
439 3378 669 3476 pauperibus
697 3377 883 3452 nobilibus
908 3381 954 3452 de
973 3380 1100 3453 heresi
1121 3390 1159 3452 et
1176 3379 1371 3478 predonis,

273 3483 340 3554 sed
360 3479 533 3553 dominus
551 3480 655 3552 Deus
673 3502 743 3575 per
762 3478 893 3552 merita
913 3479 1034 3554 sancti
1052 3479 1232 3555 Stanislai
1252 3480 1372 3554 nostri

274 3580 427 3680 gloriosi
447 3579 592 3677 patroni
612 3577 833 3677 pacificavit.

306 3715 310 3722 ·
348 3682 442 3755 item
462 3681 597 3754 eodem
616 3703 714 3752 anno
735 3703 806 3776 quo
827 3678 1186 3778 supravenerabilis
1209 3683 1371 3754 domnus

272 3783 462 3856 lohannes
483 3779 696 3879 prepositus
710 3778 1014 3873 Myechoviensis
1034 3780 1135 3878 cepit
1152 3778 1371 3855 reedificare

273 3888 421 3956 stubam
437 3885 483 3954 de
498 3881 741 3953 fundamento
758 3889 845 3954 ante
860 3881 1054 3978 antiquum
1070 3881 1273 3955 cellarium.
1298 3881 1372 3953 Do-

275 3983 398 4054 minus
412 3982 515 4054 Deus
533 3984 596 4054 det
614 3979 683 4055 sibi
703 3980 889 4078 premium
908 3981 946 4053 in
966 3983 1047 4056 celo
1068 3981 1155 4080 quia
1173 4006 1240 4080 pro
1260 3983 1372 4054 domo

273 4081 344 4154 ista
362 4079 523 4153 fideliter
539 4081 723 4156 laboravit
741 4090 811 4154 etc.
