3040 4856
82 4271 108 4764 l

401 310 621 385 ANMALES
648 310 942 386 POLONORUM
970 311 995 394 1.
1198 313 1246 388 63

149 511 384 610 inspiciebat,
405 515 471 584 sed
487 513 649 586 habebat
663 515 843 608 quasdam
859 510 1068 585 bursiculas
1083 512 1246 586 clausas.

150 613 246 702 Quid
273 623 399 686 autem
427 613 462 684 iu
491 614 545 684 eis
571 612 741 684 clausum
769 613 925 706 fuisset,
953 613 1124 710 aspicere
1159 637 1245 710 pro·

149 715 311 786 bibebat.
348 714 612 809 Suspendebat
637 723 764 794 autem
783 712 865 784 illas
886 715 1095 786 bursiculas
1115 712 1243 810 singu-

148 814 205 887 las
226 838 341 911 super
360 813 529 908 singulos
549 812 718 886 infirmos
743 836 813 909 per
836 823 1001 910 noctem,
1028 825 1065 886 et
1093 813 1153 910 qui
1184 838 1245 886 su·

149 918 286 987 dabant
313 939 359 984 ex
385 913 497 986 huius
526 913 778 1011 suspensione
812 924 849 986 et
877 915 1037 1010 quedam
1070 915 1247 986 videbant

150 1013 323 1112 sompnia
352 1017 589 1110 curabantur,
615 1023 653 1086 99
676 1013 844 1110 quinon,
871 1038 957 1084 non.
994 1014 1246 1110 Capiebantur

150 1126 277 1187 autem
294 1123 492 1210 serpentes
513 1116 611 1185 nuda
630 1115 1024 1186 manuabhominibus
1044 1114 1244 1187 innomine

149 1214 304 1312 predicti
319 1215 486 1309 Nicolay,
506 1215 631 1286 nonin
647 1213 798 1286 nomine
815 1214 963 1287 Christi.
999 1215 1092 1286 Nam
1113 1215 1145 1288 si
1160 1215 1243 1312 quis

150 1317 187 1387 in
210 1315 364 1389 nomine
386 1315 524 1387 Christi
550 1315 664 1388 vellet
696 1338 833 1412 capere
859 1326 1097 1412 serpentem,
1124 1317 1243 1388 eciam

152 1417 184 1489 si
203 1416 331 1488 habuit
355 1439 510 1486 9999999
534 1425 673 1486 tectam
699 1439 784 1486 cum
805 1425 992 1510 cyroteca,
1020 1415 1146 1488 statim
1166 1439 1244 1487 mo·

152 1516 287 1588 mordit
306 1540 392 1587 9999
413 1539 584 1614 serpens.
619 1517 673 1588 Ab
699 1515 771 1587 hoc
797 1525 922 1588 autem
950 1516 1138 1588 informati
1168 1517 1245 1614 qui-

152 1621 238 1689 dam
264 1617 398 1688 fratres
432 1619 478 1688 de
517 1615 645 1688 ordine
679 1615 959 1688 Predioatorum
995 1620 1245 1690 comedebant

149 1728 358 1814 serpentes
394 1717 577 1789 Dominus
598 1716 717 1788 eciam
735 1717 872 1790 Lestco
892 1720 965 1790 dux
984 1717 1137 1810 Syradie
1158 1742 1243 1790 cum

147 1842 265 1890 uxore
291 1841 359 1890 sua
386 1817 567 1916 Griphina
591 1841 660 1930 per
687 1820 905 1889 mandatum
932 1817 1100 1890 eiusdem
1120 1819 1244 1891 Predi-

150 1918 287 1991 oatoris
304 1921 439 1990 eodem
456 1941 554 1990 9999
567 1917 666 2014 cepit
683 1921 882 1990 comedere
895 1928 1108 2014 serpentes,
1126 1918 1244 1990 lacer-

148 2029 208 2091 tas
233 2028 270 2088 et
294 2041 420 2113 ranas,
449 2021 720 2131 propterquod
743 2017 812 2091 fuit
830 2017 1117 2092 abhominabilis
1142 2018 1244 2091 omni

149 2105 303 2216 populo,
328 2117 417 2190 licet
434 2119 572 2190 fuerint
599 2119 653 2191 eis
672 2117 781 2190 valde
800 2118 1055 2191 medicinales.

227 2221 333 2294 1279.
362 2218 535 2292 dominus
567 2218 829 2292 Wlostiborius
867 2218 1009 2291 electus
1037 2217 1158 2290 estin
1186 2242 1244 2290 ar·
1229 2235 1334 2291 &1278

151 2318 431 2418 chiepiscopum
461 2320 748 2412 Gneznensem,
783 2322 849 2392 sed
878 2329 1028 2392 cassata
1066 2329 1126 2392 est
1157 2312 1307 2392 eiuslw·
1287 2309 1344 2356 &²³

151 2419 302 2490 eleccio.
430 2422 483 2492 Eo
526 2444 624 2491 anno
658 2421 850 2518 Philippus
894 2420 1095 2518 episcopus
1140 2420 1241 2494 sedis

149 2517 356 2630 apostolice
372 2519 580 2614 etlegatuS,
599 2519 751 2591 venitm
768 2521 972 2616 Ungariam
988 2531 1025 2594 99
1038 2521 1242 2618 Poloniam,

149 2642 211 2714 qur
203 2617 319 2690 lecit
333 2618 471 2690 multas
492 2618 782 2692 constituciones
802 2622 914 2692 duras
935 2632 971 2693 et
990 2625 1082 2694 duos
1098 2622 1242 2720 episco·
1255 2635 1334 2703 9999

147 2743 220 2832 pos
238 2718 274 2790 in
287 2718 479 2814 Ungaria
470 2719 718 2790 incarceravit
735 2729 930 2817 perpetuo
982 2721 1121 2794 Eodem
1143 2725 1280 2794 annos
1281 2729 1313 2778 tt
1316 2721 1352 2768 1⁴·

148 2819 238 2891 obiit
254 2818 449 2892 bolezlaus
464 2819 630 2914 Polonie,
644 2819 881 2916 quihabebat
892 2845 1048 2894 uxorem
1058 2822 1241 2918 loheleth

22 2964 24 2968 ·
146 2918 262 2992 filiam
287 2920 376 2993 Bele
401 2921 504 3017 regis
530 2921 778 3017 Unger-omum
834 2923 909 2995 1999
940 2922 1138 2996 Bolezlaus
1174 2924 1243 2996 fuit

146 3020 333 3092 maximus
352 3021 602 3118 triumphator
620 3021 917 3096 deTheulonicis
931 3033 968 3095 et
986 3023 1101 3096 virilis
1113 3025 1241 3121 homo,

147 3120 232 3218 quia
253 3121 395 3193 nullum
414 3145 545 3218 regem
573 3147 851 3236 quemcumque
875 3125 1044 3219 timebat,
1016 3134 1153 3198 mor
1157 3135 1240 3198 tuus

148 3224 181 3292 7.
216 3221 301 3294 ldus
341 3223 488 3318 Aprilis.
617 3223 695 3294 lam
729 3223 826 3296 dicto
860 3247 958 3294 anno
985 3225 1349 3320 pugnantibusoor.

148 3321 339 3393 cruciferis
360 3324 405 3393 de
423 3323 533 3412 domo
550 3322 781 3394 Theutonica
801 3322 1169 3419 contraLithwauos,
1181 3348 1241 3398 ca-

146 3420 199 3518 pti
220 3435 307 3493 sunt
333 3423 405 3493 duo
425 3406 560 3494 fratres
581 3421 848 3494 cruciferorum
868 3422 1123 3519 aLithwanis,
1150 3450 1239 3522 quo-

143 3545 228 3594 rum
258 3546 354 3595 unus
383 3545 468 3593 oum
494 3521 630 3595 fuisset
649 3546 859 3635 suspensus
883 3547 999 3621 super
1017 3523 1239 3598 altissimam

143 3625 331 3718 arborem,
357 3647 476 3735 99999
505 3647 653 3721 999999
680 3623 760 3697 eius
787 3627 918 3696 subeo
937 3647 1148 3722 suspensus
1169 3637 1239 3724 est,

141 3719 184 3818 ut
211 3722 407 3834 supposito
435 3722 523 3820 igne
560 3734 758 3837 utrumque
786 3748 901 3796 vorax
925 3723 1079 3797 flamma
1105 3751 1240 3799 consu-

140 3807 275 3908 9999999.
315 3823 389 3898 Sed
409 3824 547 3896 mirum
565 3823 602 3896 in
619 3827 771 3898 modum
792 3849 888 3922 equo
907 3825 995 3923 igne
1015 3837 1238 3925 consumpto

127 3912 315 4022 'apertum
336 3933 396 3998 est
414 3924 536 3998 celum
564 3949 703 4098 supetr
698 3926 921 3998 cruciferum
950 3935 987 3998 et
1011 3926 1073 3999 lux
1098 3953 1238 4043 magna

142 4026 337 4136 descendit
359 4049 474 4139 super
493 4050 654 4122 eum,e
656 4026 821 4124 tignem
842 4027 1077 4141 suppositum
1099 4030 1237 4142 sparsit

142 4123 178 4194 in
210 4137 337 4223 partes
357 4127 536 4202 diversas.
591 4130 760 4227 Cumque
787 4129 849 4200 lux
869 4127 931 4202 illa
956 4131 1208 4204 ascenderet'
1199 4156 1235 4202 m
