3060 4828
292 283 523 360 ANNALES
536 281 750 358 CAPITULl
777 279 1129 358 cnacovlsrtsts.
1213 280 1263 355 25

9 345 15 606 l
168 484 364 560 martirum
391 483 599 578 ascribitur,
626 483 785 581 eiusque
810 482 1086 596 sollempnitas
1100 486 1136 556 8.
1159 481 1264 554 Ydus

10 611 14 625 ·
169 587 257 661 Maii
282 609 371 658 cum
397 584 617 656 reverencia
644 594 692 656 et
703 583 955 656 veneracione
974 582 1150 656 statuitur
1168 581 1265 654 cele·

9 725 12 778 0
170 689 321 763 brauda
357 684 496 758 Prelati
515 695 641 758 autem
662 683 786 756 nuncii
807 681 1266 798 000000100011011.11001-

171 785 391 884 deriopotiti
410 784 611 882 adeptique
630 785 688 858 sui
701 785 849 881 negocii
866 783 1265 882 exitumperoptatum,

169 887 236 962 leti
263 897 302 960 et
318 885 530 958 incolumes
549 885 587 957 in
601 885 792 959 Poloniam
814 895 902 957 sunt
916 885 1070 957 reversi.
1122 885 1266 956 Eodem

172 1013 272 1062 anno
290 990 363 1060 dux
377 987 575 1059 Bolenlaus
591 985 770 1060 Craccvia
786 987 907 1057 etdux
921 985 1148 1058 Wladizlaus
1169 983 1267 1080 Opo-

170 1087 303 1163 liensis
314 1111 399 1160 00ιο
409 1087 668 1160 Ruthenorum
686 1083 1268 1182 exercituterramOpavienscm

172 1198 418 1264 vastaverunt
443 1197 480 1260 01
506 1188 662 1260 multam
689 1185 870 1258 familiam
906 1197 944 1262 ct
968 1189 1124 1283 predam
1154 1183 1267 1257 aliam

170 1289 272 1364 idem
291 1287 453 1361 Ruthcni
472 1290 715 1362 abduxerunt.

167 1455 169 1458 ,
253 1389 360 1462 1251.
396 1387 526 1460 Gedlro
541 1387 649 1460 miles
665 1385 754 1460 obiit
755 1441 766 1484 7
739 1386 847 1485 tqui
862 1396 1013 1460 centum
1027 1384 1088 1458 vel
1107 1382 1269 1497 amplius

175 1511 359 1563 annorum
379 1511 496 1561 senex
523 1488 673 1560 exstitit.
710 1488 777 1560 llic
806 1486 1113 1560 multamiracula
1149 1484 1270 1558 sancti

175 1588 365 1684 Stanyzlai
380 1589 520 1684 magist
522 1612 563 1661 ro
505 1589 690 1661 t·Petro
708 1589 899 1686 preposito
913 1585 1103 1682 Kylciensi
1119 1609 1163 1658 ca
1179 1584 1268 1657 scri-

174 1690 276 1765 benti
292 1700 330 1762 01
343 1699 452 1786 gesta
466 1689 691 1763 Polonorum
704 1689 862 1762 militum
875 1689 1100 1784 inclitorum,
1111 1685 1271 1759 fideliter

176 1790 408 1865 enarravit

252 1891 359 1965 1256.
387 1889 725 1967 rexWillhelmus
740 1893 787 1962 de
814 1889 996 1966 Holandia
1029 1887 1179 1962 occisus
1211 1895 1271 1960 est

203 1991 441 2064 erFrisones.
469 1990 635 2062 Thomas
652 1989 854 2088 episcopus
865 1988 1186 2102 Wratizlaviensis
1202 2011 1271 2084 0οι

231 2091 392 2164 lezlaum
419 2093 568 2163 ducem
575 2089 699 2162 Zlesie
728 2101 860 2187 captus
885 2101 1104 2188 tractusque
1131 2087 1336 2162 10100ιο01·
1356 2088 1381 2141 ⁰·

175 2191 213 2266 10
239 2191 425 2288 Legnicc,
459 2190 528 2270 fuit
558 2201 639 2262 arte
674 2191 843 2264 custodie
869 2194 1082 2286 deputatus.
1127 2190 1269 2262 Eodem

176 2317 274 2368 anno
300 2294 398 2366 idem
426 2292 626 2388 episcopus
651 2290 758 2364 dimit
742 2291 856 2365 ttitur.
898 2289 1099 2364 Lanchicie
1124 2289 1272 2388 provin·

177 2393 281 2466 cialis
302 2395 466 2486 synodus
486 2393 706 2466 celebratur.

131 2558 138 2575 .,
255 2495 362 2566 1257.
398 2492 659 2565 Cracoviensis
688 2490 818 2565 civitas
845 2491 914 2565 iuri
940 2489 1172 2566 Theutonico
1199 2500 1272 2565 tra-

167 2591 276 2664 ditur
300 2602 336 2665 01
361 2591 455 2666 01100
475 2593 543 2665 1001
562 2615 631 2689 per
650 2595 853 2664 advocatos
881 2602 919 2664 01
936 2595 1133 2664 domorum
1155 2601 1193 2664 et
1211 2618 1272 2664 cu-

177 2692 318 2764 riarum
336 2691 565 2764 immutatur.
598 2691 671 2766 Sed
688 2691 799 2764 iidem
820 2692 991 2764 advocati
1010 2691 1047 2763 in
1067 2715 1134 2762 sua
1160 2695 1272 2765 advo·

179 2793 281 2866 cacia
310 2793 500 2866 modicum
531 2795 769 2865 duraverunt.
812 2793 954 2866 Eodem
976 2815 1075 2864 anno
1101 2793 1191 2863 ordo
1225 2794 1272 2864 de

176 2893 391 2991 penitencia
406 2896 599 2966 beatorum
620 2892 814 2965 martirum
834 2892 946 2964 intrat
956 2892 1162 2987 Poloniam,
1181 2917 1272 2989 000-

177 2993 339 3066 tificatus
359 2992 558 3066 Alexandri
576 2993 633 3065 lV
652 2995 793 3066 Eodem
804 3016 902 3066 anno
919 2993 1035 3089 pridie
1045 2993 1124 3066 Kal
1138 2994 1320 3066 Ferro-r
1281 2995 1320 3039 ¹⁸⁰
1321 2989 1382 3042 ··³¹

179 3092 247 3166 arii
238 3093 349 3165 luna
369 3103 514 3190 quarta,
537 3092 632 3166 infra
647 3094 779 3165 horam
805 3094 938 3191 prime,
960 3095 1082 3169 lactus
1098 3105 1157 3168 est
1171 3105 1271 3168 terre

177 3203 315 3268 motus.

257 3295 364 3368 1258.
400 3292 511 3365 Falco
532 3291 840 3389 archiepiscopus
856 3292 1093 3366 Gneznensis
1113 3294 1213 3368 obiit
1281 3297 1374 3358 A1¹¹¹¹⁴

258 3393 366 3465 1259.
402 3390 599 3464 Bolezlaus
626 3394 701 3471 dun
717 3394 896 3466 Cracovie
915 3417 1001 3464 cum
1021 3393 1092 3465 alio
1110 3393 1150 3467 B.
1179 3397 1272 3470 duce

179 3488 332 3563 Polonie
365 3513 449 3561 cum
470 3490 549 3564 suis
575 3491 799 3564 exercitibus
818 3502 958 3564 terram
988 3492 1275 3578 Lanciciensem

180 3592 435 3664 devastarunt.
470 3593 612 3664 Eodem
639 3615 737 3664 anno
753 3591 925 3664 Thartari
953 3593 1145 3666 barbarica
1171 3593 1274 3667 rabie

175 3690 372 3766 sevientes
400 3691 530 3764 fraude
557 3689 816 3764 infidelitatum
844 3692 1042 3788 virulenta,
1069 3717 1140 3790 que
1160 3716 1275 3790 quan-

180 3813 293 3889 quam
319 3791 455 3864 ceteris
481 3791 648 3864 barbaris
676 3792 724 3865 sit
751 3792 900 3887 inolita
927 3791 998 3865 hiis
1017 3791 1197 3892 precipue
1216 3801 1277 3866 001

178 3890 307 3964 100010
335 3889 560 3988 propensius
588 3903 831 3988 prepotentes
865 3903 904 3964 ct
935 3903 1115 3989 tanquam
1150 3893 1275 3967 sevire

179 3991 288 4065 belua
317 4013 468 4088 semper
495 4000 669 4103 prompta
687 4002 827 4064 terram
846 3990 1120 4065 Sandomirie'
1110 3992 1274 4108 ingressi

175 4113 248 4166 sua
276 4089 506 4164 truculcncia
526 4089 745 4190 inhumana,
764 4116 836 4190 que
855 4115 925 4165 nec
945 4091 1051 4166 sexui
1078 4093 1276 4168 consuevit
