3040 4856
189 454 191 460 ,
275 382 323 490 82
470 377 656 455 CONTlN.
683 379 849 452 ANNAL.
874 379 1179 455 POLONORUM.

276 601 409 676 regem
441 579 623 652 Bohemie
656 579 922 652 Wenceslnum
956 605 1029 651 non
1050 580 1172 652 solum
1193 583 1238 652 de
1266 580 1370 654 Polo·
1435 573 1438 580 ’

277 679 339 753 nia
359 689 397 752 et
414 678 650 774 Pomorania,
665 683 732 752 sed
752 679 872 752 eciam
888 683 933 752 de
954 705 1022 753 sua
1037 692 1139 754 sorte
1155 684 1251 754 etde
1270 691 1370 754 terra

277 778 433 874 Syradie
462 779 703 874 etLancicie,
729 779 890 876 quesibi
918 791 1002 892 post
1026 805 1180 852 suorum
1214 781 1369 854 fratrum

278 879 419 953 obitum
434 881 677 975 advenerant
704 902 775 950 nec
795 903 868 951 uno
896 879 964 952 sibi
994 880 1136 974 relicto,
1164 877 1232 952 fuit
1257 882 1370 978 turpi·

278 991 336 1053 ter
361 990 397 1052 et
417 978 671 1052 fraudulenter
690 979 843 1050 eiectus
896 977 984 1052 Sic
976 990 1101 1076 itaque
1129 981 1238 1054 terris
1266 985 1371 1054 orba-

278 1091 353 1175 tuS,
381 1081 553 1177 quamvis
577 1078 671 1151 mult
656 1090 779 1151 tmnm
806 1079 1014 1192 amicerum
1040 1080 1217 1151 auxilium
1243 1091 1371 1178 postu·

277 1181 361 1252 lans
400 1178 562 1274 adisset,
593 1179 700 1252 vanis
738 1177 936 1276 promissis
978 1179 1103 1277 ipsum
1139 1181 1371 1278 decipientes

279 1281 432 1352 inanem
462 1289 499 1352 et
525 1302 595 1376 spe
619 1303 780 1350 vacuum
808 1304 875 1376 per
904 1282 1020 1352 multa
1048 1291 1263 1378 temporum
1291 1305 1371 1352 cur

279 1379 395 1452 ricula
428 1389 506 1452 toto
533 1384 622 1452 orbe
658 1379 871 1453 instabilem
908 1379 1073 1477 divagari
1108 1381 1370 1478 permiserunt.

280 1479 352 1568 Qui
383 1478 514 1552 videns
546 1504 588 1552 se
617 1503 638 1550 a
675 1480 754 1552 suis
788 1479 1003 1552 omnimode
1036 1481 1254 1554 destitutum
1285 1497 1383 1554 cum¹

278 1579 410 1677 paucis
428 1580 652 1677 sequacibus
670 1579 708 1649 in
730 1580 930 1675 Ungariam
950 1584 995 1652 ad
1013 1583 1224 1652 Amadeum
1243 1605 1372 1678 quem·

279 1683 367 1752 dam
405 1680 523 1751 virum
560 1678 723 1761 nobilem
766 1689 803 1750 et
833 1690 1025 1776 potentem
1064 1680 1225 1752 secessit
1265 1681 1369 1752 cuius

280 1777 431 1874 auxilio,
451 1781 517 1851 sed
550 1777 672 1874 magis
699 1776 835 1874 divino,
867 1778 1142 1852 Sandomiriam
1172 1790 1210 1852 et
1236 1781 1370 1854 Cracc-

279 1878 381 1950 viam
408 1889 529 1950 terras
557 1887 594 1950 et
620 1879 713 1950 alias
742 1901 874 1951 omnes
894 1903 987 1976 quas
1008 1904 1121 1976 supra
1146 1879 1371 1951 memoravi·

279 2003 365 2052 mus
391 1978 584 2053 debellans
618 1977 775 2050 viriliter
812 1978 989 2076 optinuit,
1020 1980 1210 2052 Bohemos
1236 1980 1298 2077 qui
1326 1981 1372 2052 18

280 2078 390 2152 annis
430 2103 496 2153 eas
527 2089 727 2152 tenuerant
756 2089 929 2176 potenter
956 2080 1124 2154 evellens
1142 2085 1197 2153 'et
1231 2080 1371 2153 eiciens

180 2179 183 2184 ’
280 2203 473 2277 nunquam
497 2179 584 2251 illuc
602 2179 799 2253 redituros.
852 2181 944 2252 Cum
963 2179 1078 2276 igitur
1095 2180 1282 2278 predictas
1301 2191 1373 2253 ter-

279 2304 357 2376 ras,
374 2281 455 2352 Deo
474 2279 525 2350 illi
544 2303 678 2377 pacem
696 2279 894 2374 tribuente,
914 2280 1110 2376 tranquille
1125 2281 1374 2376 possedisset,

279 2380 412 2452 volens
431 2378 555 2476 ipsum
573 2380 674 2450 Dens
692 2389 780 2475 post
796 2379 911 2450 talem
947 2403 1077 2451 casum
1104 2380 1224 2475 gloria
1252 2390 1290 2452 et
1306 2381 1373 2452 ho·

280 2503 373 2551 nore
397 2478 585 2552 illustrare
611 2488 675 2550 aut
699 2487 852 2574 gentem
880 2478 1096 2551 Polonicam
1115 2479 1372 2576 magnificare,

280 2578 431 2653 domino
459 2579 673 2673 Gerwardo,
702 2577 878 2675 episcopo
908 2580 1142 2674 Cuyaviense
1169 2591 1307 2678 agente
1336 2591 1373 2654 et

279 2680 497 2752 elaborante
523 2678 620 2750 circa
640 2678 833 2750 dominum
850 2679 1056 2753 lohannem
1077 2681 1215 2753 dictum
1234 2705 1372 2779 papam

278 2779 388 2875 XXll,
415 2803 591 2851 coronam
619 2789 679 2852 est
702 2790 951 2876 assequutus,
984 2805 1055 2875 qua
1084 2781 1194 2852 etatis
1217 2805 1286 2852 sue
1312 2783 1372 2852 60.

280 2903 378 2951 anno
399 2903 484 2952 cum
504 2904 573 2952 sua
592 2878 689 2950 felici
709 2889 883 2951 consorte
904 2891 940 2950 et
959 2879 1060 2950 omni
1083 2884 1265 2953 bonorum
1293 2903 1372 2950 me·

279 2979 400 3050 moria
426 2980 576 3051 domina
598 2979 767 3074 Hedvige
795 2978 832 3049 in
865 2978 1040 3052 Cracovia
1076 3002 1143 3074 per
1178 2979 1371 3051 dominum

278 3077 503 3151 lanisslaum
544 3076 870 3174 archiepiscopum
906 3089 943 3148 et
987 3077 1080 3150 alios
1126 3079 1252 3175 plures
1297 3079 1370 3176 epi-

280 3201 431 3275 scopos,
451 3201 548 3250 anno
566 3177 715 3248 Domini
745 3179 852 3250 1320.
880 3176 947 3249 fuit
965 3177 1130 3272 gloriose
1158 3190 1371 3274 coronatuS,

279 3303 393 3376 quam
421 3277 541 3350 eciam
569 3301 637 3350 suo
665 3275 1070 3349 successorividelicet
1086 3277 1161 3350 filio
1181 3303 1249 3350 sno
1268 3278 1372 3350 Kazi-

278 3377 385 3463 miro,
414 3380 459 3449 de
486 3403 559 3476 qno
585 3377 740 3449 ulterius
766 3401 892 3450 sermo
920 3377 1115 3450 habendus
1144 3378 1214 3451 erit
1239 3390 1275 3452 et
1303 3403 1371 3453 sue

278 3476 487 3577 posteritati
506 3478 664 3550 feliciter
681 3489 862 3576 perpetuo
878 3481 1093 3550 duraturam
1115 3479 1273 3576 reliquit.
1304 3479 1372 3552 Hic

277 3579 376 3651 inter
391 3577 567 3650 virtutum
582 3578 786 3651 karismata
801 3578 919 3651 tribus
943 3579 1038 3678 ultra
1060 3579 1265 3651 humanam
1285 3579 1371 3652 esti·

277 3679 490 3751 macionem
533 3675 695 3750 effloruit
739 3678 958 3752 luculenter.
1016 3677 1197 3750 Videlicet
1232 3677 1370 3776 insigni

277 3779 431 3876 pietate,
458 3776 545 3874 quia
563 3777 634 3853 nisi
655 3788 807 3852 coactus
827 3778 988 3874 aliquem
1009 3777 1119 3850 morti
1141 3778 1233 3850 tradi
1249 3778 1370 3873 iussit,

277 3877 517 3952 inestimabili
530 3877 802 3974 humilitate,ut
816 3876 901 3975 qnid
914 3888 1019 3951 esset
1033 3879 1153 3952 fastus
1163 3889 1227 3951 aut
1241 3902 1371 3990 super·

277 3977 335 4051 bia
350 3977 713 4075 penitusignoraret,
727 3977 900 4052 indicibili
912 3978 1120 4091 paciencia,
1133 4002 1221 4050 nam
1236 3977 1371 4051 vindex

276 4076 408 4149 iniurie
434 4077 648 4152 nullatenus
674 4103 762 4153 esse
781 4078 913 4177 potuit,
941 4103 1028 4173 ymo
1049 4102 1092 4152 se
1110 4077 1369 4153 iniuriantibus

276 4177 593 4252 humanissimum
613 4179 792 4277 exhibuit,
812 4179 1001 4278 placidum
1025 4177 1206 4253 vultum
1195 4203 1233 4251 m
1252 4179 1370 4253 omni·
