3060 4828
527 1033 836 1120 PRAEFATIO.

116 1287 271 1419 Qnmn
280 1343 344 1414 per
355 1325 464 1392 totum
472 1321 547 1404 fere
557 1319 711 1392 medium
728 1341 853 1390 aeuum
866 1321 1102 1414 imperatores
1115 1322 1228 1394 nostri

118 1438 279 1510 Italiam
298 1445 485 1534 tamquam
503 1439 641 1532 imperii
657 1436 776 1510 sedem
802 1443 969 1533 tenerent,
995 1461 1067 1510 non
1093 1441 1227 1511 omitte·

121 1556 222 1628 bant
240 1562 275 1626 et
290 1580 405 1629 nouas
430 1580 608 1651 occupare
635 1563 764 1650 terras,
793 1557 918 1650 quibus
944 1557 1226 1650 consuetudines,

121 1676 216 1744 iura
242 1676 403 1768 uitaeque
422 1674 656 1746 Germanicae
673 1675 832 1746 instituta
850 1677 1122 1770 impertirentur.
1170 1675 1227 1746 lta

121 1793 271 1876 factum
291 1798 353 1884 est,
381 1798 419 1862 ut
438 1791 519 1863 inde
538 1815 562 1862 o
580 1791 725 1864 saeculo
744 1791 880 1863 decimo
899 1813 1008 1887 usqae
1027 1792 1078 1864 ad
1094 1792 1229 1864 sacculi

124 1907 262 1978 decimi
285 1911 385 1982 tercii
410 1913 514 1996 finem
542 1915 662 1982 terrae
688 1931 810 1984 omnes
834 1913 937 1980 trans
953 1907 1066 1980 Albim
1083 1910 1227 1992 tluoium

124 2027 226 2098 sitae
252 2025 429 2099 diuturnis
455 2027 553 2100 bellis
578 2019 697 2098 Slavis
723 2028 942 2120 eriperentur
969 2033 1002 2098 et
1025 2030 1113 2113 fines
1137 2027 1229 2099 inter

127 2167 195 2216 eos
214 2145 481 2242 Germanosque
504 2147 541 2216 in
565 2145 767 2217 uniuersum
796 2143 914 2216 adbuc
940 2145 1124 2217 manentes
1143 2168 1226 2218 con·

127 2265 373 2335 stituerentnr.
392 2265 548 2336 Lubente
563 2270 679 2336 autem
695 2264 999 2357 imperiipotentia
1010 2269 1045 2334 et
1055 2263 1227 2335 adunatis

120 2393 197 2472 ‘per
223 2380 457 2453 Wladislamn
484 2383 614 2478 dictum
633 2381 766 2453 Lolstele
783 2381 954 2453 Poloniae
981 2382 1124 2476 retribue,
1150 2383 1227 2470 lieri

131 2519 207 2568 non
231 2498 358 2590 potnit,
385 2499 469 2590 quin
490 2499 639 2566 victores
658 2499 869 2568 Germania
888 2499 988 2568 uictis
1005 2497 1150 2570 Polonis
1169 2521 1227 2569 oo·

131 2613 353 2704 niterentur,
381 2637 424 2684 ne
450 2612 597 2684 ulterius
620 2611 934 2706 proprederentur.
987 2611 1228 2684 Surreaerunt

129 2730 245 2822 paulo
268 2737 352 2824 post
377 2753 531 2825 mapnas
555 2731 612 2802 ille
636 2730 840 2802 Kasimirus
866 2735 899 2800 et
929 2727 1146 2802 Wladislaus
1169 2731 1227 2802 la-

136 2847 251 2939 piello,
279 2849 349 2941 qai,
369 2848 546 2932 tratribus
564 2849 700 2920 ordinis
717 2854 866 2920 sanotae
884 2847 1026 2918 Mariae
1046 2847 1228 2920 Tbeutoni-

139 2965 189 3035 cis
209 2963 348 3056 proelio
375 2963 475 3056 apud
495 2964 723 3060 Tannenberp
742 2964 886 3036 tandem
905 2964 1055 3036 letaliter
1073 2965 1226 3061 deuictis,

139 3080 324 3153 Poloniam
342 3080 491 3151 liberam
510 3105 749 3176 mapnamque
768 3085 1033 3156 constituerunt.

210 3198 278 3270 His
301 3200 511 3290 praemissis
534 3198 654 3294 elucet,
683 3223 795 3294 quare
818 3202 935 3285 fontes
952 3223 1071 3272 rerum
1089 3199 1229 3273 Poloni·

128 3337 262 3402 ,aarum
288 3314 338 3386 ad
362 3316 648 3408 capnoscendam
675 3323 707 3388 et
734 3316 986 3389 illustrandam
1013 3318 1229 3390 Germaniae

142 3433 322 3505 bistoriam
338 3435 528 3528 permapni
540 3435 611 3505 sint
625 3435 849 3506 aestimandi.
881 3435 929 3507 Et
941 3458 1046 3529 quum
1059 3437 1133 3506 iam
1146 3435 1227 3528 plus

144 3573 243 3644 quam
262 3552 380 3624 decem
397 3553 503 3623 annis
517 3559 599 3624 ante
614 3554 881 3648 antiquissimae
894 3552 1110 3624 Polonornm
1125 3551 1227 3624 ebro-

145 3670 254 3762 nicae,
283 3669 388 3763 culpo
417 3667 576 3741 Martino
601 3670 706 3743 Gallo
732 3670 874 3742 cuidam
900 3671 1112 3764 attributae,
1149 3676 1227 3742 arte

148 3788 260 3859 critica
295 3811 338 3859 ea
369 3790 512 3859 uetustis
542 3788 640 3860 libris
670 3791 923 3884 manuscriptis
953 3789 1164 3862 emendatae
1194 3794 1228 3861 et

117 3937 135 3966 a
149 3912 321 3978 correctae
347 3906 382 3976 in
409 3903 624 3978 collectionis
641 3912 787 3978 nostrae
807 3911 904 3980 tomo
921 3931 1017 3980 nono
1036 3907 1227 3982 lectoribus

101 3974 127 4062 l

97 4063 102 4080 ‹
147 4024 204 4094 sint
222 4025 448 4120 propositae,
475 4047 570 4097 nnnc
596 4023 712 4097 editor
730 4023 1040 4101 Monumentornm
1068 4028 1225 4102 clarissi-
