3040 4856
271 392 319 464 88

348 625 599 714 ANNALES
632 629 1040 715 CRACOVIENSES
1071 633 1294 718 BREVES.

273 763 333 870 In
351 795 513 869 omnibus
531 795 723 890 codicibus,
744 797 868 890 quibus
886 804 1032 869 seruata
1052 801 1153 871 nobis
1167 807 1249 872 sunt
1263 800 1367 872 clero·

275 901 358 972 nica
377 920 513 992 maqua
533 897 596 968 illa
613 897 820 990 Boquplmli
833 904 868 968 et
880 897 1127 970 archidiaconi
1143 901 1366 992 Gnezneasis,

275 999 471 1071 invenimus
490 996 642 1068 annales
660 999 753 1068 uarii
769 999 906 1091 qeneris
925 1003 957 1068 et
981 1002 1193 1094 arquruenli,
1218 1001 1272 1072 ocl
1289 1023 1367 1096 ,rne-

277 1100 356 1172 dios
374 1099 466 1168 inter
484 1096 639 1169 laudato
659 1097 830 1168 chronica
843 1099 983 1191 positos
1001 1099 1056 1168 ael
1072 1101 1108 1169 in
1125 1105 1193 1186 rinc
1212 1101 1367 1172 additos.

278 1199 438 1286 (luorum
457 1203 628 1268 naturam
648 1219 840 1290 voransque
857 1199 1017 1280 formam
1037 1199 1136 1269 multi
1154 1199 1197 1269 de
1215 1199 1368 1272 historia

274 1298 448 1370 Poloaica
463 1297 552 1372 benc
570 1297 686 1367 areriti
710 1299 776 1369 oiri
793 1319 916 1368 eruere
934 1299 1055 1368 conati
1071 1305 1163 1391 sunt,
1182 1323 1289 1395 qaum
1303 1322 1369 1370 au·
1416 1371 1418 1374 ,

276 1405 344 1470 tem
370 1399 476 1469 unica
501 1419 636 1489 eorum,
673 1403 706 1468 ct
740 1396 830 1468 baec
864 1397 1157 1492 neqliqeatissime
1191 1401 1368 1492 confecta,

276 1498 383 1570 editio
402 1496 760 1591 Sommersberqiano
776 1495 895 1568 adbuc
908 1503 1075 1590 custaret,
1089 1513 1166 1568 'non
1177 1504 1370 1592 potuerunt

277 1599 360 1693 quin
378 1621 449 1668 non
469 1598 631 1668 omnibus
649 1597 805 1668 numeris
831 1596 1034 1668 absolutam
1059 1599 1267 1690 proferrent
1291 1621 1369 1670 sen-

276 1699 434 1768 tentiam.
484 1695 591 1767 Felici
608 1719 697 1767 casu
716 1697 871 1790 contiqit,
891 1703 929 1766 ut
945 1695 1149 1768 Alecander
1173 1721 1216 1770 eu
1234 1701 1368 1771 comiti-

277 1797 344 1882 bus
360 1795 621 1888 'Przezdzieclci
651 1794 846 1867 Maecenas
875 1794 1074 1866 litterarum
1102 1796 1367 1889 Polouicarum,

278 1897 457 1990 deteqeret
472 1895 609 1966 Romae
636 1896 793 1966 codicem
824 1894 1122 1988 Ottobonianum,
1149 1899 1268 1990 prima
1295 1900 1369 1968 uice
1432 1929 1434 1933 ·

278 1997 389 2068 lucem
408 1995 594 2091 quandam
615 1997 833 2082 afferentem.
886 1995 1046 2067 Continet
1064 1999 1154 2068 enirn
1173 1999 1237 2069 iste
1256 1997 1370 2068 codea

278 2103 311 2168 el
330 2096 580 2191 Boqaplralum
599 2101 633 2166 et
650 2119 727 2168 eum
748 2096 956 2187 accipientes
980 2096 1131 2168 annales
1150 2100 1282 2191 uarios,
1310 2099 1370 2192 qui

277 2197 326 2268 ibi
355 2199 472 2270 minus
497 2197 597 2267 micti
615 2201 647 2266 et
665 2196 800 2267 turbati
824 2218 932 2288 quam
959 2197 994 2265 in
1014 2196 1095 2266 aliis
1120 2196 1220 2269 libris
1243 2219 1371 2280 mauu-

276 2298 419 2390 scriptis
437 2295 653 2388 ealeibentur,
672 2294 851 2388 nobisque,
872 2294 944 2366 alio
959 2294 1037 2365 loco
1056 2295 1101 2367 de
1115 2298 1371 2390 antiquissimis

269 2397 451 2472 ,Poloniae
484 2395 642 2480 fontibus
673 2393 919 2487 disputatoris,
952 2417 1083 2465 ansam
1113 2403 1371 2490 praeoptatam

274 2494 503 2590 praebebant
525 2493 667 2588 sinqula
692 2493 879 2565 annalium
906 2516 1039 2586 qenera
1073 2496 1281 2592 seiunqendi
1314 2521 1371 2568 eo·

280 2617 428 2690 ruraque
447 2601 535 2687 apta
555 2599 716 2666 nostrum
742 2595 778 2664 in
803 2615 906 2664 asum
934 2592 1148 2667 vindicandi.
1207 2596 1371 2678 Profere·

279 2719 359 2768 rrius
376 2695 484 2789 iqitur
500 2691 655 2765 Annccles
675 2695 927 2766 Cracooieuses
945 2694 1067 2766 breves
1086 2701 1119 2766 et
1132 2695 1244 2788 paulo
1271 2695 1371 2778 infra
1425 2763 1428 2774 ,

278 2794 532 2888 premerides
556 2793 877 2886 Wlodisluoieases,
896 2793 1026 2865 relictis
1045 2793 1234 2866 auncdibus
1256 2795 1369 2863 maio-

280 2899 330 2968 ris
355 2894 538 2988 Roloaiac,
564 2917 778 2990 quosquam
802 2895 904 2986 prius
939 2893 1028 2964 dare
1049 2915 1369 2986 proposueramus,

280 3018 372 3066 nunc
396 2996 528 3080 futuris
553 2995 769 3087 temporibus
803 2994 1012 3084 remisimus,
1041 3016 1146 3088 quum
1174 3015 1370 3064 cannosum

279 3097 370 3166 inter
388 3117 448 3164 eos
467 3101 502 3164 et
516 3093 721 3188 Boquplrali
739 3093 932 3164 clrronicon
957 3093 1137 3164 illustrare
1161 3116 1233 3163 noa
1255 3094 1371 3184 possi·

279 3218 370 3286 mus,
390 3198 425 3264 et
441 3192 559 3264 adbuc
584 3195 768 3288 iquoretur
793 3216 972 3288 quaenam
999 3192 1128 3262 barum
1156 3192 1370 3263 relationum

279 3297 426 3380 sitlans
445 3293 602 3364 alterius.

354 3391 511 3465 Annales
537 3393 604 3466 boc
628 3393 707 3464 loco
731 3391 943 3486 proferendi
969 3393 1223 3464 Crucooieuses
1251 3391 1373 3462 breues

281 3493 393 3564 ubiuis
416 3494 492 3578 fere
517 3517 596 3564 cum
623 3491 819 3564 Annalibus
848 3492 995 3585 capituli
1020 3493 1266 3564 Cracouicusis
1288 3515 1373 3562 con·

279 3594 445 3686 sentiunt,
466 3595 636 3689 quoniam
653 3594 808 3664 inuenire
821 3594 943 3685 possis
961 3591 1059 3662 locos
1083 3592 1208 3685 quibus
1230 3613 1301 3662 uon
1330 3615 1374 3662 ea

279 3696 579 3788 praememoratis
597 3693 745 3765 haustos
764 3715 851 3785 esse,
870 3693 977 3762 immo
1005 3713 1089 3761 aero
1115 3714 1176 3762 eos
1203 3691 1253 3762 ad
1278 3715 1373 3763 com·

280 3818 385 3866 mune
403 3793 490 3866 illud
507 3817 620 3888 supra
639 3797 876 3864 memoratum
895 3791 1080 3863 (canalium
1099 3791 1283 3884 enemplar
1300 3815 1375 3863 esse

281 3895 504 3966 reducendos
532 3896 709 3966 evincitur.
784 3891 924 3962 Initium
952 3897 1157 3964 nostrorum
1181 3898 1374 3985 praeterea

281 3994 483 4066 concordat
499 4018 578 4066 cum
598 3993 788 4067 annalibus
807 3991 1130 4064 Mieclcooiensibus.

358 4092 515 4186 Codices,
530 4097 590 4188 qui
602 4095 704 4168 nobis
719 4092 770 4165 ad
782 4093 1063 4166 constituendum
1082 4097 1214 4164 tectum
1228 4095 1376 4186 praesto

283 4200 398 4288 erant,
417 4200 499 4268 sunt
516 4194 572 4267 bi:
