3060 4828
527 475 800 552 PRAEFATIO.
1160 462 1207 540 xl

111 684 229 778 plaris
255 681 309 754 ael
330 683 707 755 commemorationum
728 677 772 749 cle
791 676 1039 770 antiquissima
1058 671 1209 743 Polono·

117 827 197 874 rum
222 801 375 872 historia
400 823 492 893 quoe
518 821 630 893 oeque
656 805 762 891 atque
790 797 826 865 in
852 792 932 864 aliis
959 790 1150 863 annalibus
1178 794 1211 858 et

116 921 292 994 chronicis
319 917 493 1011 lepuatur.
549 915 711 987 Macimo
740 921 859 985 aretem
884 915 976 983 inter
1003 915 1148 982 nostros
1178 901 1213 978 et

117 1035 274 1109 Annales
292 1035 509 1108 Polonorum
527 1036 626 1119 infra
645 1031 789 1104 Arcados
807 1038 859 1103 est
876 1027 1104 1103 observanda
1131 1028 1210 1112 affi-

117 1158 225 1249 nitas,
251 1160 356 1230 tanta
375 1153 513 1248 quietem
533 1158 573 1223 ut
587 1157 746 1222 statuere
761 1151 891 1243 possis,
915 1149 981 1220 bos
999 1170 1121 1220 omnes
1139 1167 1210 1216 uno

119 1272 309 1368 eodemque
320 1271 504 1345 transiliam
515 1268 778 1363 deperditarum
789 1267 985 1361 ecerrrplari
994 1289 1080 1338 usos
1089 1266 1211 1349 tuisse.

122 1390 275 1481 Quando
295 1395 414 1462 centem
432 1391 556 1482 scripti
573 1383 811 1459 sintAnnales
829 1385 1021 1479 compilati,
1040 1386 1212 1455 incertum
1275 1481 1277 1486 Ι

121 1515 194 1600 est‚·
222 1514 262 1580 ot
285 1507 430 1579 saeculo
449 1505 538 1578 XIV.
559 1505 699 1577 demum
721 1506 758 1575 in
775 1505 870 1576 banc
887 1507 1046 1589 formam
1065 1525 1141 1574 esse
1160 1525 1213 1573 re·

121 1627 261 1720 ductos,
288 1627 360 1696 iam
389 1627 569 1720 scriptura
597 1623 729 1696 codicis
747 1621 928 1714 docemur,
956 1643 1063 1714 quarn
1083 1622 1214 1713 compi-

121 1745 231 1818 latori
254 1745 322 1836 ipsi
344 1742 526 1816 vindicare
543 1763 745 1837 possumus.
798 1740 872 1812 Nec
889 1739 1014 1812 melius
1033 1738 1076 1811 de
1094 1737 1211 1811 Anna·

121 1863 212 1934 libus
236 1860 453 1933 Polonorum
478 1859 694 1954 praedicare
722 1859 898 1953 colonius,
932 1857 971 1930 id
995 1865 1114 1930 autern
1141 1861 1216 1943 suf·

120 1983 203 2073 licit,
230 1980 328 2072 qnod
345 2003 467 2051 onmes
483 1978 520 2051 lri
538 1979 798 2074 antiquioribus
813 1979 884 2066 sint
901 1978 1135 2071 superstructi
1152 1976 1218 2048 orl·

123 2098 377 2190 notationibus,
405 2102 479 2168 turn
506 2103 624 2168 autern
651 2095 975 2168 continuationibus
993 2097 1103 2166 variis
1123 2097 1220 2166 aucti

124 2219 160 2288 in
178 2218 301 2287 uarios
319 2214 458 2286 codices
476 2215 741 2308 monnscriptos
759 2213 938 2286 translati.

191 2333 347 2406 Annales
364 2332 591 2426 Lubinenses‚
618 2338 658 2404 ut
680 2335 715 2406 in
740 2335 904 2427 marpine
923 2332 1096 2405 adnotari
1113 2355 1219 2404 cura-

30 2491 32 2506 v
127 2455 256 2545 vimus,
291 2451 346 2523 vel
375 2474 455 2522 cnm
485 2448 681 2523 Annalibus
712 2451 860 2544 capituli
890 2453 1136 2524 Cracooiensis
1168 2452 1221 2524 uel

126 2594 207 2643 cum
232 2567 429 2641 Annalibus
457 2567 674 2663 compilatis,
706 2569 761 2641 cel
786 2573 893 2643 etiam
920 2595 999 2644 cnm
1024 2570 1221 2643 Annalibus

126 2686 428 2760 Kamenzensibus
447 2691 660 2779 conpruunt‚
686 2692 722 2758 et
746 2709 852 2780 quum
877 2688 990 2760 coclea
1007 2712 1129 2761 eorum
1148 2691 1221 2760 iam

128 2808 226 2879 initio
243 2828 339 2878 saec.
354 2800 448 2874 XIII.
464 2804 618 2896 scriptus
635 2805 690 2897 sit,
710 2803 815 2875 liceat
834 2828 894 2876 cos
912 2828 1049 2902 qnoque
1068 2806 1119 2878 ad
1137 2829 1221 2877 era-

128 2948 208 2997 men
227 2922 408 2997 deradice
429 2920 629 2993 authentico
648 2922 899 2994 instituendam
918 2947 1060 2996 vocure.

194 3041 351 3113 Annales
367 3039 640 3134 Kamenzenses,
667 3046 708 3113 ut
729 3043 957 3136 inscriptione
976 3065 1121 3115 eorum:
1147 3041 1223 3115 Ista

130 3171 285 3258 accepta
316 3168 403 3230 sunt
436 3159 481 3229 de
512 3157 671 3230 cronicis
697 3158 922 3232 Polonorum
958 3161 1144 3256 docemur,
1181 3185 1224 3234 ea

130 3279 322 3352 annalibus
348 3281 431 3349 sunt
455 3275 618 3370 derivati,
646 3279 705 3372 qui
729 3285 848 3350 utrum
876 3281 1008 3351 inuno
1033 3280 1224 3377 eodemque

130 3396 326 3490 exemplari
361 3396 502 3465 acutori
531 3401 680 3488 praesto
715 3397 864 3490 fueruit,
906 3419 955 3468 an
986 3400 1022 3468 in
1048 3397 1223 3494 pluribus,

131 3513 257 3607 quippe
289 3512 348 3604 qui
378 3511 491 3583 inulta
522 3515 742 3604 contineant,
776 3537 869 3608 qnae.
900 3520 934 3585 et
962 3517 998 3586 in
1027 3514 1225 3590 Annalibus

34 3645 35 3656 ²
130 3628 279 3723 capituli
296 3633 330 3700 et
347 3630 382 3700 in
396 3627 591 3701 Annalibus
606 3630 806 3724 compilatis
824 3631 998 3725 tenuntur,
1020 3635 1225 3730 arabipuum

132 3754 194 3819 est.
249 3749 348 3819 Certe
380 3754 586 3820 nostrorum
622 3749 785 3821 diuersae
818 3752 852 3820 in
879 3750 1008 3823 Silesia
1036 3755 1228 3826 exstabant

132 3867 268 3959 copiae,
288 3867 372 3960 qnia
391 3868 464 3936 iam
479 3865 636 3938 Annales
652 3869 932 3941 Cistereiensium
951 3872 987 3941 ia
1002 3869 1227 3946 Heinricboro

36 4047 37 4052 ,
132 3990 165 4055 et
191 3983 390 4056 chronicon
411 3986 613 4080 principum
637 3985 809 4058 Poloniae
842 3987 907 4058 bos
933 3989 968 4059 in
993 4011 1095 4061 usum
1123 4015 1227 4064 suam

133 4103 325 4174 vertebant.

205 4219 362 4292 Annales
382 4221 636 4294 Cracooienses
663 4222 786 4294 breves
810 4247 888 4297 curn
908 4223 1106 4300 Annalibus
1131 4231 1230 4323 capi-
