3040 4856
399 355 613 430 ANNALES
640 353 1011 430 MECHOVIENSES.
1200 357 1248 429 99

155 557 314 630 therine.
393 558 533 630 Eodem
561 577 680 649 anno,
715 555 859 626 scilicet
889 554 993 628 1318.
1022 553 1060 624 in
1094 576 1247 624 conver-

154 659 261 731 sione
287 655 406 728 sancti
431 654 554 750 Pauli,
580 655 649 727 fuit
675 665 775 726 terre
804 664 928 726 motus
949 677 1123 749 magnus„
1151 656 1357 750 quodnam.

153 759 336 829 Villacum
362 755 601 850 subvertitur„
629 755 745 826 multa
772 765 893 827 castra
917 753 1154 848 ceciderunt,
1191 777 1249 824 eo·

154 857 282 951 clesie‚
310 853 554 949 monasteria,
586 863 709 926 turres
737 855 773 927 in
803 853 928 926 multis
955 853 1048 925 locis
1072 877 1158 924 cum
1182 854 1249 924 ho—

155 958 316 1029 minibus
354 965 391 1026 et
429 953 606 1024 iumentis
650 955 854 1050 perierunt.
947 955 1089 1027 Eodem
1128 953 1248 1026 eciam
1334 963 1337 968 '

154 1079 253 1130 enno
273 1055 311 1125 in
328 1053 510 1127 Avinione
529 1063 631 1125 tanta
659 1054 866 1126 mortalitas
894 1053 962 1124 fnit
975 1056 1076 1149 ‚quod
1095 1078 1168 1124 una
1189 1053 1248 1124 die

155 1165 351 1230 numerata
380 1153 846 1250 sunt1500fnnera75et
879 1153 1028 1225 cottidie
1057 1156 1131 1226 200
1163 1154 1247 1249 plus

154 1257 214 1328 vel
233 1255 371 1350 minus,
399 1253 578 1325 cimiteria
612 1254 739 1326 omnia
772 1255 929 1351 repleta,
964 1277 1060 1324 unus
1090 1276 1248 1349 campus

157 1364 400 1428 consecratus
434 1364 472 1425 et
502 1352 538 1424 in
572 1376 615 1424 eo
634 1354 751 1426 multe
783 1353 892 1426 fovee
925 1376 1064 1448 magne
1090 1353 1248 1449 replete,

154 1455 273 1527 multe
292 1456 426 1526 domus
446 1456 608 1547 deserte,
628 1454 688 1526 ubi
709 1478 804 1526 nnus
833 1452 990 1524 moritur
1016 1476 1150 1524 omnes
1171 1477 1249 1524 mo-

155 1555 300 1626 riuntur
313 1553 544 1651 postipsurn,
563 1553 653 1624 nulli
669 1563 1000 1650 quantumcunque
1017 1551 1117 1624 diviti
1131 1552 1249 1624 missa

154 1657 396 1748 cantabatur,
433 1654 694 1726 defunctorum
732 1677 916 1750 campane
946 1675 1021 1722 non
1051 1652 1251 1749 pulsaban-

155 1765 231 1850 tur,
266 1777 405 1850 corpus
425 1752 562 1828 Christi
582 1755 705 1827 oculte
724 1758 942 1851 portabatur
961 1775 1028 1849 per
1046 1752 1248 1847 civitatem,

155 1865 363 1936 conventus
383 1852 646 1948 religiosorum
665 1854 852 1944 rarefactb
871 1853 930 1926 ubi
959 1861 1109 1924 centum
1136 1861 1250 1924 stete-

155 1963 239 2025 rant
263 1953 324 2023 vix
353 1955 485 2022 decem
518 1964 795 2048 remanserunt⁷
834 1954 905 2024 alia
938 1952 1053 2022 multa
1085 1951 1249 2023 inaudita

157 2051 402 2147 contigerunt.

230 2153 338 2228 Anno
356 2149 505 2222 Domini
532 2153 638 2225 1349.
667 2151 813 2222 nunccii
840 2151 1104 2222 Thartarorum
1139 2175 1250 2222 vene·

155 2253 304 2322 runtad
333 2275 462 2347 regem
489 2250 653 2325 Polonie.
730 2251 868 2324 Eodem
907 2276 1004 2322 anno
1041 2251 1248 2324 mortalitas

158 2375 295 2446 magna
324 2351 393 2422 fuit
419 2351 456 2422 in
484 2375 602 2446 regno
633 2352 809 2448 Ungarie7
850 2352 966 2424 multe
1007 2351 1177 2423 civitates
1215 2362 1252 2424 et

156 2451 243 2522 ville
287 2453 436 2524 deserte
480 2451 749 2524 habitatoribus
781 2462 963 2546 vacuate,
1001 2454 1099 2523 unde
1132 2453 1249 2524 multe

155 2559 280 2620 turine
302 2548 497 2620 hominum
517 2559 595 2619 tam
614 2552 659 2620 de
679 2551 841 2644 Ungaria
863 2575 974 2645 quam
995 2553 1040 2620 de
1064 2551 1145 2624 aliis
1166 2575 1250 2647 par·

156 2648 255 2722 tibus
273 2649 436 2720 adiuncti
464 2647 668 2720 circuibant
695 2647 930 2743 flagellantes
961 2673 1024 2742 se,
1058 2650 1095 2719 in
1130 2651 1250 2720 lutum

156 2751 349 2844 cadentes,
377 2771 556 2844 magnam
589 2748 908 2844 conpunccionern
935 2759 972 2820 et
998 2749 1249 2844 penitenciam

155 2849 237 2926 aliis
257 2849 479 2942 indixerunt,
507 2847 672 2943 virgines
700 2849 819 2923 eciam
844 2873 969 2946 parwe
990 2858 1027 2919 et
1045 2873 1183 2945 magne
1204 2851 1249 2921 de

154 2949 252 3026 villis
272 2949 415 3044 sparsis
435 2948 596 3026 crinibus
624 2947 660 3020 in
688 2952 841 3023 modum
869 2948 1125 3046 processionis
1156 2959 1250 3020 tam-

156 3072 268 3146 quam
292 3072 434 3121 vesane
461 3049 731 3135 discurrebanb
759 3053 1002 3122 verberantes
1028 3072 1084 3143 se‚
1112 3059 1149 3120 et
1168 3073 1250 3146 per-

155 3152 358 3222 noctabant
375 3148 412 3220 in
432 3148 535 3221 silvis
552 3151 597 3220 ad
614 3151 800 3244 quendam
816 3149 1039 3245 Gregorium
1055 3173 1166 3244 quem
1181 3173 1249 3245 pro

114 3284 116 3289 ·
158 3259 288 3320 sancto
309 3248 493 3341 colebant7
522 3259 581 3330 set
600 3249 730 3320 deluso
750 3273 770 3321 a
790 3250 947 3341 dyabolo
969 3250 1095 3345 plures
1122 3272 1168 3320 ex
1194 3249 1249 3322 eis

155 3347 357 3443 perierunt.
404 3347 449 3418 Et
474 3347 513 3417 in
539 3345 614 3416 fine
641 3347 809 3420 eiusdem
838 3348 924 3419 anni
949 3371 1015 3420 rex
1042 3347 1249 3422 Kazimirus

155 3457 295 3518 terram
316 3446 452 3518 Russie
470 3445 636 3518 obtinuit.
1177 3487 1178 3492 κ

235 3548 341 3620 1350.
371 3546 468 3618 circa
495 3546 635 3618 festum
664 3545 762 3618 beati
788 3546 1053 3642 Bartholomey
1079 3549 1362 3624 Littwaniiuu.

156 3657 400 3720 vastaverunt
434 3647 632 3742 [lussiam7
672 3647 809 3720 multos
846 3649 1091 3746 deduxerunt,
1122 3650 1250 3746 plures

157 3746 385 3829 occiderunt.

235 3848 340 3921 1351.
365 3870 431 3920 ren
453 3845 659 3924 Kazimirus
683 3871 771 3917 cum
801 3873 939 3944 magna
962 3848 1132 3946 potencia
1165 3874 1249 3946 pro-

156 3957 326 4024 cesserat
339 3946 547 4041 Livoniam,
567 3957 626 4018 set
640 3945 851 4022 infirmatus
875 3949 994 4045 rediit,
1013 3974 1146 4046 parum
1165 3947 1250 4048 pro-

156 4047 254 4120 fecit.
817 4062 819 4068 '

204 4147 340 4220 1352.
386 4146 556 4228 Thartari
598 4158 843 4230 vastaverunt
883 4159 1022 4242 terram
1050 4150 1249 4232 Lnblinen·
1363 4171 1378 4207 1

155 4269 258 4342 sem,
285 4247 423 4318 multos
451 4250 684 4320 deduxerunt
715 4249 939 4321 christianos
960 4259 998 4388 ξι
1024 4251 1249 4322 occiderunt.

933 4355 954 4420 7
1377 4353 1382 4366 .
