3040 4856
267 357 451 434 CONllN.
473 353 640 431 anum.
662 355 958 431 POLONORUM
981 357 1005 430 l.
1024 355 1085 430 nr
1101 355 1159 432 lll.
1211 360 1259 432 Π

164 556 356 630 Poloniam
376 557 477 631 duxit
496 557 559 655 qui
582 557 779 655 Slupczam
807 556 995 630 cimarem
1023 567 1171 656 captam
1197 558 1259 671 de-

162 670 370 753 vastantes,
389 659 426 730 in
447 657 578 730 Pisder
596 659 674 730 ubi
666 667 763 730 tunc
781 657 991 730 Kazimirus
1012 668 1105 752 erat,
1126 655 1258 730 venire

162 759 422 831 festinabant
412 783 538 871 ipsum
562 782 795 856 preocupare
823 759 1030 856 cupientes
1083 759 1158 832 Sed
1176 756 1257 829 Deo

162 859 313 930 volente
333 884 355 931 a
372 859 520 930 civitate
540 859 782 951 discesserat,
804 882 916 952 quem
943 857 1063 930 eciam
1081 867 1171 930 tunc
1188 881 1259 955 per

161 959 332 1030 fraudem
361 969 398 1030 et
422 957 696 1053 neglicenciam
714 955 880 1028 fidelium
899 957 1037 1030 civium
1063 958 1257 1056 capientes

163 1068 199 1129 et
219 1057 386 1154 pluribus
405 1057 540 1128 occisis
560 1067 596 1128 et
615 1061 783 1128 cremata
807 1057 957 1130 civitate
985 1082 1069 1130 cum
1099 1059 1256 1129 fratrum

162 1157 413 1254 monasterio,
451 1156 538 1229 inde
574 1157 749 1228 abierunt
785 1167 821 1228 et
852 1167 1106 1255 pervagantes
1138 1168 1257 1230 totam

162 1282 260 1355 pene
289 1282 335 1329 ex
359 1258 421 1330 illa
447 1268 553 1354 parte
577 1258 689 1329 Varte
714 1268 854 1329 terram
880 1268 1040 1331 vastant.
1093 1255 1257 1332 Civitati·

162 1362 249 1453 bus,
284 1358 497 1430 forensibus
527 1368 564 1429 et
587 1357 670 1430 aliis
696 1357 895 1430 maniculis
920 1358 1120 1454 crematis,
1153 1357 1255 1429 nullo

162 1462 355 1553 obstante,
391 1458 592 1531 Vincencio
639 1457 809 1555 pessimo
852 1459 1067 1530 fraudatore
1102 1469 1255 1571 agente,

161 1558 334 1657 quamvis
351 1583 437 1630 cum
452 1581 591 1654 magno
621 1559 784 1670 dampno
807 1582 975 1652 suorum,
1001 1582 1086 1630 cum
1112 1558 1256 1654 ingenti

85 1737 91 1747 ,
160 1658 305 1756 preda
295 1683 332 1730 m
359 1659 511 1732 Thorun
532 1668 618 1731 sunt
638 1658 791 1731 reversi
828 1657 872 1730 Et
890 1682 964 1729 non
983 1669 1071 1754 post
1095 1660 1254 1731 multum

159 1771 324 1857 tempuS,
341 1769 572 1856 congregato
593 1758 758 1831 exercitu
774 1758 926 1856 copioso
946 1768 983 1831 et
1002 1757 1254 1856 stipendiariis

159 1862 205 1932 de
221 1861 326 1932 lleno
340 1870 377 1931 et
387 1860 468 1931 aliis
481 1859 647 1956 partibus
663 1860 933 1930 Almannorum
948 1858 1254 1955 quamplurimis,

157 1958 372 2030 Lanciciam
391 1963 635 2055 advenerunt,
655 1983 767 2056 quam
782 1961 1039 2056 devastantes,
1058 1959 1253 2051 Syradiam

158 2058 323 2154 ingressi
347 2059 488 2131 Uneow
515 2058 706 2130 civitatem
731 2069 768 2129 et
787 2069 953 2131 castrum
973 2069 1009 2131 et
1028 2058 1124 2130 aliud
1143 2059 1254 2153 Syra-

158 2158 290 2231 diense
311 2168 476 2230 castrum
497 2168 535 2229 et
558 2157 729 2230 civitates
750 2169 978 2254 cremantes,
996 2159 1034 2230 in
1048 2157 1151 2231 Kalis
1169 2183 1254 2256 per·
1347 2224 1356 2234 .

157 2270 356 2354 venerunt,
375 2282 487 2356 quam
503 2261 646 2332 duobus
661 2259 791 2331 diebus
806 2269 1070 2357 oppugnantes
1086 2269 1124 2332 et
1141 2257 1255 2330 nichil

158 2357 412 2456 proficientes,
431 2357 677 2456 quadraginta
694 2370 843 2457 etpene
859 2360 942 2457 plus
963 2383 1117 2432 suorum
1141 2357 1253 2432 amis·

158 2459 211 2532 sis
226 2459 262 2530 in
279 2461 408 2552 Conyn
428 2471 695 2573 pervenerunt,
718 2460 779 2531 ubi
795 2459 914 2532 eciam
930 2457 1061 2556 viginti
1075 2458 1251 2533 homines

158 2560 203 2631 ad
219 2583 388 2657 pugnam
403 2558 597 2655 expeditos
613 2560 831 2632 amiserunt.
857 2561 939 2631 Rex
960 2583 1125 2656 namque
1148 2559 1253 2631 Polo·

158 2658 264 2731 nicus
283 2657 511 2730 Wladislaus
536 2658 708 2755 quamvis
730 2658 822 2756 ipsis
838 2659 936 2731 circa
958 2659 1173 2730 Lanciciam
1191 2683 1252 2732 oc·

158 2759 340 2832 currisset
367 2768 496 2831 tamen
530 2781 596 2830 eos
632 2757 809 2830 invadere
845 2782 920 2829 non
956 2761 1129 2844 audebat,
1165 2759 1251 2855 quia

155 2859 281 2958 ipsum
301 2869 338 2932 et
356 2859 394 2930 in
413 2882 570 2931 numero
586 2868 623 2930 et
641 2857 902 2930 infortitudine
919 2857 1251 2956 quamplurimum

157 2964 398 3033 excedebant.
418 2959 492 3032 Sed
512 2962 558 3032 de
576 2957 750 3032 Lancicia
775 2959 944 3056 ipsorum
976 2963 1021 3033 ad
1048 2983 1164 3032 unum
1189 2959 1251 3032 vel

156 3063 228 3132 duo
248 3059 406 3132 miliaria
425 3084 580 3157 semper
597 3063 837 3157 sequebatur,
866 3084 932 3132 eos
952 3059 1163 3156 debilitans,
1185 3084 1250 3132 ve·

156 3161 285 3258 stigia3
305 3159 366 3233 ubi
385 3159 506 3232 eciam
524 3160 732 3258 predictum
748 3159 1005 3256 Vincencium,
1023 3163 1069 3233 de
1085 3185 1157 3252 quo
1172 3184 1251 3233 me-

154 3262 289 3333 morati
309 3285 454 3356 sumus,
468 3285 538 3358 per
554 3260 597 3331 lit
582 3270 699 3332 tteras
716 3270 889 3358 patentes
909 3260 1134 3356 advocans,
1124 3285 1249 3357 ipsum

156 3359 225 3433 sibi
246 3371 283 3432 et
299 3359 375 3431 filio
393 3359 659 3432 reconciliavit.
692 3360 763 3446 Qui
790 3359 1014 3432 Vincencius
1035 3359 1166 3432 volens
1186 3385 1250 3433 no-

154 3458 1250 3573 menperdereinfidelitatisipsosbarbatoseteornmexer·

155 3560 268 3632 citum
295 3560 364 3632 fuit
389 3560 579 3657 sagaciter
602 3559 834 3660 exploratus,
858 3571 893 3632 et
917 3559 1087 3658 quamvis
1108 3558 1249 3634 incom-

152 3660 370 3758 parabiliter
386 3660 514 3758 plures
529 3659 612 3731 illos
633 3671 883 3757 cognosceret
901 3671 939 3733 et
964 3660 1165 3755 forciores,
1198 3684 1247 3733 ne

152 3769 298 3834 metum
323 3760 473 3833 Polonis
502 3770 538 3832 et
566 3761 878 3858 Cracoviensibus
905 3772 943 3834 et
968 3760 1247 3834 Sandomirien·

81 3903 85 3908 ·
151 3861 255 3934 sibus
282 3871 319 3933 et
344 3860 425 3933 aliis
444 3861 629 3934 incuteret
631 3862 764 3960 ,ipsos
794 3851 970 3960 respectu
1003 3861 1125 3933 nullos
1158 3885 1246 3934 esse

151 3974 188 4034 et
221 3961 336 4034 nichil
360 3985 477 4058 posse
508 3959 709 4035 affirmavit
715 3963 936 4075 ,quamvis
964 3960 1065 4074 regis
1093 3961 1245 4036 auribus

149 4061 248 4134 aliud
266 4062 455 4135 inculcare
474 4085 548 4134 non
568 4061 727 4136 obmisit.
764 4062 924 4136 Veniens
943 4061 1057 4159 igitur
1074 4085 1140 4134 rex
1157 4073 1246 4160 post

148 4161 561 4262 1psosmCuyav1am
529 4186 627 4236 cuca
639 4163 805 4239 Plowecz
818 4163 1053 4238 vrllamultra
1064 4161 1245 4236 llaczeow
