3060 4828
289 277 508 352 adustus·
534 277 749 354 CAPl'l'ULl
777 279 1129 356 cnteovffittsts
1214 281 1264 356 23

163 475 315 573 lloiunt
345 474 485 550 milites
515 475 654 550 multoe
681 476 994 552 CrNacovicuses
983 503 1021 549 m
1050 499 1260 576 congressu

164 601 252 654 oum
276 575 370 676 ipsis
397 575 560 649 maxime
580 580 626 650 ob
645 577 760 674 prede
776 577 996 672 avariciam,
1016 602 1088 674 que
1107 579 1258 652 Polonis

164 701 204 751 m
213 677 330 775 prelio
343 687 400 750 est
411 675 552 771 innatru
566 679 636 753 sub
653 687 738 750 astu
751 677 884 751 callido
902 677 1086 775 occidunt,
1102 680 1258 752 multam

163 780 366 877 predam
340 799 470 850 secum
488 787 694 874 asportant
726 779 893 852 Tandem
912 777 1105 852 Zlesiam
1094 779 1264 876 ingressi·

162 889 203 952 ct
220 901 305 952 cum
320 861 414 952 duce
425 876 588 950 Henrico
601 887 719 952 etsuo
730 879 895 952 exercitu
909 879 1119 976 congressi.
1111 880 1321 978 ipsumam
1303 903 1338 950 ro.
1348 900 1370 950 a.

163 981 300 1052 ducem
316 980 413 1050 etde
429 977 594 1050 exercitu
609 977 728 1076 ipsius
743 1001 826 1051 nect
818 978 1016 1077 plurimos
1027 953 1260 1077 addiderunt

165 1089 205 1152 et
226 1078 282 1152 sic
304 1077 421 1150 multo
443 1077 586 1150 excidio
610 1078 764 1152 oedibus
783 1088 897 1193 atque
915 1079 1087 1177 dampnis
1104 1080 1258 1154 Polonie

162 1177 365 1252 crudeliter
378 1177 503 1274 illatis,
521 1176 618 1252 illesi
632 1181 678 1255 ad
698 1179 857 1278 propria
867 1203 942 1277 per
937 1179 1260 1293 ilungnriamto·

162 1290 243 1353 tum
263 1281 443 1352 mundum
464 1301 510 1350 ex
529 1301 597 1350 sua
622 1280 841 1353 crudelitate
860 1303 965 1376 gravi
957 1279 1149 1354 horroris
1176 1305 1261 1378 per·

163 1380 348 1454 collentes
359 1377 573 1474 formidine,
591 1379 791 1452 redierunt.
811 1379 1051 1468 Quostarnen
1061 1403 1134 1452 non
1145 1383 1258 1453 robur

164 1480 299 1552 virium
320 1478 435 1552 elficit
457 1478 733 1577 formidandos,
759 1503 831 1553 nec
850 1480 991 1554 robusti
1015 1479 1156 1554 brachii
1183 1481 1256 1552 for·

164 1580 295 1676 titudo,
313 1603 444 1652 venam
458 1579 538 1652 sola
560 1590 714 1652 cruenta
735 1580 935 1654 crudelitas
955 1604 1001 1653 ac
1025 1579 1255 1654 infidelitatis

162 1681 335 1761 versucia
346 1680 594 1754 fraudulenta.
612 1681 695 1753 Dux
711 1681 1256 1754 ConradusCracoviamtenet.

241 1784 346 1856 1242.
378 1783 540 1853 domnus
572 1780 735 1856 Wislaus
763 1779 965 1878 episcopus
992 1780 1373 1858 cracoviensismnm

121 1899 125 1904 '
160 1879 263 1975 obiit,
283 1881 341 1952 cui
360 1883 521 1958 domnus
541 1881 724 1954 Prandota
742 1881 920 1954 succedit.
954 1881 1036 1954 Dux
1060 1883 1255 1956 Conradus

161 1981 382 2058 cracoviam
401 1991 537 2054 tenens
556 1980 694 2054 milites
712 2005 808 2078 quos
833 1981 902 2056 sibi
920 1981 1111 2056 adversari
1129 1985 1256 2056 crede*

163 2086 245 2176 bat,
277 2080 438 2177 captivat
458 2091 496 2152 et
512 2079 732 2154 incarcerat.

241 2183 348 2256 1243.
374 2180 571 2254 Boleslaus
602 2184 675 2255 dux
692 2180 791 2256 filius
809 2179 1030 2256 Lezstkonis
1056 2205 1141 2254 cum
1160 2183 1256 2254 duce

162 2283 335 2356 Cunrado
364 2305 432 2354 suo
460 2291 593 2379 patruo
620 2293 657 2354 et
684 2282 765 2355 aliis
792 2282 967 2376 ducibus,
992 2281 1053 2378 qui
1072 2291 1256 2353 venerant

160 2383 285 2457 eidem
303 2382 388 2455 duci
407 2381 445 2456 C.
465 2382 501 2454 ιιι
522 2382 712 2478 auxilium,
732 2383 891 2480 prelium
911 2383 948 2454 in
966 2381 1130 2456 Suchdol
1155 2405 1254 2453 com-

160 2483 272 2556 mittit
295 2486 330 2555 8.
354 2483 543 2555 Kalendas
569 2483 677 2579 lunii,
703 2493 741 2557 et
767 2484 836 2558 Dei
862 2482 1036 2581 potencia
1054 2482 1193 2556 dictum
1208 2481 1252 2558 B.
1268 2506 1364 2556 unas.

160 2594 199 2656 et
225 2607 337 2657 suum
370 2582 575 2656 exercitum
603 2592 848 2696 protegente
876 2584 958 2680 ipse
986 2587 1059 2656 dux
1087 2584 1125 2656 C.
1153 2581 1255 2655 dedit

159 2695 267 2780 terga
295 2707 380 2755 cum
408 2683 487 2758 suis
507 2682 732 2757 exercitibus
758 2693 969 2781 superatus.
1013 2683 1117 2754 Tunc
1134 2681 1255 2780 patuit

160 2783 360 2857 manifeste
387 2793 569 2882 quantum
597 2782 794 2856 oraciones
822 2782 948 2881 populi
976 2793 1013 2855 et
1037 2781 1223 2854 clamor
1213 2805 1253 2852 m

158 2884 276 2958 altum
295 2884 463 2958 sublatus
484 2884 628 2982 prefato
648 2907 806 2982 principi
797 2883 862 2956 B
882 2886 928 2956 ad
947 2881 1141 2958 victoriam
1169 2905 1253 2994 pro·

158 2986 321 3076 luerunt,
341 2996 521 3081 quantum
541 3008 629 3058 vero
645 2983 730 3056 duct
742 2987 914 3060 Conrado
927 2982 1086 3056 crudelis
1107 2979 1252 3054 exactio

158 3084 196 3156 in
216 3083 363 3196 plebem
385 3092 422 3155 et
440 3083 619 3156 iniuriosa
639 3085 885 3158 cornminacio
905 3085 941 3156 in
962 3081 1165 3158 ecclesiam
1182 3080 1253 3154 Dei

157 3183 391 3282 prostiterint
409 3184 636 3256 nocumenti.

236 3286 343 3356 1244.
370 3281 507 3354 Ruteni
530 3306 597 3379 per
622 3283 791 3358 diversos
810 3283 971 3356 insultus
989 3281 1120 3354 Lublin
1141 3283 1253 3353 deva·

156 3391 258 3454 stant
268 3391 305 3454 et
314 3381 496 3454 ecclesras
508 3385 751 3458 succendunt.
770 3384 897 3478 Kylcia
913 3407 981 3479 per
992 3381 1130 3454 milites
1147 3379 1253 3453 ducis

156 3481 318 3556 Conradi
336 3484 564 3554 devastatur.
1246 3535 1249 3542 .

237 3583 342 3656 1245.
368 3579 617 3654 lnnocencius
636 3607 735 3681 papa
761 3584 817 3656 lV.
840 3579 1038 3655 concilium
1058 3581 1252 3680 episcopo-

44 3669 48 3676 *
155 3706 240 3754 rum
256 3691 294 3754 et
307 3706 441 3778 regum
456 3681 682 3780 Lugdunum
698 3695 894 3778 convocat.
908 3684 944 3756 in
961 3707 1033 3781 quo
1048 3683 1251 3778 imperato·

156 3782 467 3956 ffipezrppppum
483 3783 640 3881 imperio
652 3785 819 3858 destituit
834 3795 872 3857 et
885 3786 1045 3858 sathane
1060 3803 1251 3854 commen·
1262 3808 1310 3851 nn.

235 3985 340 4057 1246.
371 3981 487 4079 Opizo
508 3985 624 4055 abbas
644 3986 690 4056 de
708 3985 863 4056 Memno
883 3981 1010 4056 domni
1029 4003 1127 4080 pape
1147 3978 1250 4052 vices

155 4103 294 4178 gerens
315 4107 414 4154 anno
433 4082 470 4156 in
489 4081 643 4155 Polonia
662 4083 801 4158 mansit
819 4108 904 4157 uno.
