3040 4856
272 341 320 411 70
470 319 473 330 ‘
522 336 738 410 annnnns
766 334 1062 458 ronononon
1092 335 1115 407 r.

270 561 377 632 qutun
396 539 524 622 furne'
513 563 548 608 m
567 539 697 609 castris
716 539 784 608 et'
772 561 807 608 an
826 537 1025 609 civitatibus
1049 539 1197 629 propter
1218 535 1246 606 T
1245 532 1369 605 urthu

273 640 506 709 rosinteriru
559 637 654 708 Vota
674 637 864 734 complen
883 660 1007 733 opere
1044 637 1151 722 Quod
1171 635 1368 707 audientes

274 737 458 851 Tartlrari3
486 737 700 810 christianis
729 761 770 808 se
798 737 965 832 cingunt
937 737 1173 807 tfacientes
1202 733 1284 806 de
1276 734 1369 831 ipsis

274 837 380 934 quasi
402 861 566 932 caream,
587 849 625 908 ut
611 837 813 910 tridentes
834 791 1024 908 christiani
1040 837 1194 907 fratrum
1215 859 1370 906 suorum

275 939 502 1012 miserentur
530 948 566 1009 et
592 949 746 1035 propter
771 937 884 1009 hoc
876 961 980 1034 rpsos
1007 960 1176 1033 paganos
1203 960 1276 1006 non
1303 936 1369 1004 im·

274 1037 427 1135 pediant
457 1049 497 1110 ut
521 1047 747 1134 pugnarent,
776 1040 841 1109 sed
870 1037 1040 1133 inquiunt
1059 1035 1271 1108 christiani:
1299 1035 1372 1106 Me·

273 1139 342 1210 lius
367 1163 493 1210 curere
518 1145 571 1209 cst
595 1141 779 1232 unicuique
805 1145 966 1208 nostrum
992 1161 1035 1208 ne
1057 1161 1248 1230 perennius
1266 1135 1374 1206 simul

274 1263 353 1310 curn
373 1239 450 1310 illis.
503 1239 547 1310 Et
565 1248 692 1310 tamen
712 1239 790 1310 Deo
811 1237 1016 1334 opitulante
1030 1261 1201 1333 paganos
1217 1258 1372 1332 supera-

276 1349 411 1410 verunt
426 1348 462 1410 et
477 1338 633 1435 captivis
648 1337 814 1411 liberatis
827 1361 912 1409 cum
929 1336 1081 1408 victoria
1094 1345 1371 1409 remeaverunt.

165 1453 266 1500 Madd&
356 1439 461 1512 1285.
482 1439 655 1512 dominus
675 1438 855 1510 Martinus
876 1463 973 1535 papa
993 1437 1091 1509 obiit.
1180 1435 1372 1509 Wratisla-

277 1536 419 1611 viensis
439 1542 511 1611 dux
530 1539 717 1610 lohannes
737 1538 951 1610 blenschicz
972 1561 1055 1608 cum
1073 1539 1180 1609 Petro
1198 1546 1234 1607 et
1253 1535 1371 1609 Sbilu-

276 1647 366 1710 tone
397 1639 625 1711 occiduntur.
702 1639 874 1732 Synodus
899 1638 1143 1710 celebratur'
1135 1663 1171 1708 rn
1197 1637 1371 1709 Lancicia

166 1763 214 1806 nan
230 1761 251 1806 s
275 1737 312 1808 in
330 1737 697 1836 epiphaniaDornini
738 1738 877 1810 Eodem
893 1763 991 1808 anno
1007 1737 1106 1834 capit
1109 1762 1152 1808 ur
1165 1737 1371 1850 Benyamin

278 1849 315 1909 et
333 1837 589 1933 Sandyvoyus.
660 1840 798 1911 Eodem
819 1863 916 1910 anuo
932 1842 1005 1910 dux
1023 1837 1112 1910 Lest
1114 1833 1211 1908 ko
1178 1837 1371 1934 piissimus

166 1954 224 2008 Aua
245 1949 268 1996 2
277 1941 323 2010 de
342 1939 420 2011 suis
441 1939 616 2012 militibus
635 1937 904 2034 triumphavit
895 1964 932 2009 rn
960 1939 1018 2010 die
1045 1937 1163 2010 sancti
1189 1937 1232 2010 St
1218 1937 1371 2034 tephani

278 2063 375 2136 pape
395 2050 433 2112 et
453 2039 624 2112 martiris.
702 2040 911 2137 Episcopus
938 2038 1258 2112 Wratislaviensis
1286 2062 1372 2109 cum

168 2158 250 2215 [usn
278 2139 378 2212 clero
408 2149 446 2212 et
473 2140 627 2237 prelatis
649 2149 685 2211 et
712 2138 970 2211 predicatores
995 2142 1041 2211 de
1067 2139 1215 2211 civitate
1239 2139 1372 2234 fugan-

277 2250 338 2311 tur
355 2264 423 2336 per
449 2241 621 2312 crudeles
651 2241 826 2312 consules
854 2251 891 2312 et
917 2239 1019 2312 cives
1047 2249 1084 2310 et
1110 2243 1243 2311 ducem
1272 2238 1372 2336 ipso-

279 2363 374 2413 rum.
426 2339 609 2412 Dominus
638 2340 792 2411 lacobus
813 2339 932 2412 dictus
952 2339 1100 2412 Swinla
1121 2339 1372 2435 archiepisco-

168 2451 215 2495 ran.
231 2450 252 2496 ⁶-
278 2464 348 2536 pus
369 2440 604 2512 Gneznensis
625 2463 709 2510 cum
731 2439 809 2511 suis
837 2439 1124 2534 suffraganeis
1115 2465 1150 2510 m
1171 2439 1371 2537 epiphania

276 2540 427 2612 Domini
446 2539 658 2634 synodum
650 2565 685 2610 ru
705 2540 879 2612 Lanoicia
908 2539 1160 2632 celebravit
1150 2564 1187 2610 m
1215 2565 1287 2636 qua
1313 2563 1371 2650 sy·

277 2643 375 2712 nodo
395 2643 530 2714 ducem
549 2641 897 2713 Wratislaviensem
917 2641 1108 2712 Hinricum
1128 2641 1183 2713 lV.
1209 2665 1275 2737 pro
1296 2639 1372 2710 vio-

277 2740 419 2836 lencia,
456 2766 567 2838 quam
596 2741 773 2813 intulerat
800 2741 976 2839 episcopo
1013 2765 1080 2813 suo
1111 2750 1148 2811 et
1180 2741 1372 2812 canonicis

167 2859 215 2903 lan
233 2841 648 2914 15Wrat1slav1ensrbus
661 2840 808 2938 publice
828 2840 1177 2912 excommunicavit.
1229 2842 1371 2912 Eodem

167 3001 193 3044 n
196 2956 267 3047 ⁰24
279 2966 377 3012 anno
404 2941 502 3013 circa
529 2942 668 3014 festum
689 2941 807 3013 sancti
827 2941 1002 3013 lobannis
1031 2940 1194 3037 baptiste
1221 2941 1371 3038 quidam

278 3065 429 3114 vermes
449 3043 551 3113 volat
553 3041 648 3112 iles'
640 3067 676 3110 in
697 3052 796 3113 terra
817 3041 1082 3112 cruciferorum
1104 3041 1203 3137 pleni
1225 3065 1372 3113 veneno

279 3141 1373 3238 excr·everaut‚quisuomorsumutnshominesinterime-

278 3253 373 3316 runt.
426 3244 567 3315 Eodem
584 3267 682 3313 anno
698 3245 771 3314 dux
785 3242 924 3314 Lestko
940 3240 1134 3338 piissimus
1151 3242 1374 3316 Cracovien-

279 3341 345 3438 sn,
364 3341 683 3415 Sandomiriensis
707 3354 745 3414 et
762 3341 1012 3438 Syradiensis‚
1032 3346 1077 3414 de
1097 3345 1175 3415 suis
1196 3342 1373 3415 militibus

279 3452 316 3515 et
343 3445 436 3514 duce
462 3446 632 3518 Conrado
659 3442 885 3515 blazoviensi
919 3443 1084 3538 gloriose
1112 3442 1373 3537 triumphavit.

277 3542 371 3630 Quia
405 3543 490 3614 dicti
530 3544 667 3616 milites
708 3543 881 3615 videlicet
918 3544 1190 3617 Cracovienses
1238 3544 1373 3613 ducem

182 3640 246 3756 ¹233·
280 3643 492 3716 Conradum
522 3642 557 3714 in
584 3643 828 3741 preludicium
856 3643 958 3714 ducis
982 3644 1179 3716 Lestconis
1204 3642 1272 3714 sibi
1299 3641 1374 3714 ele-

279 3754 414 3841 gerant
445 3744 482 3815 in
512 3743 704 3815 dominum
731 3753 767 3815 et
792 3743 987 3838 heredem,
1019 3755 1150 3817 sancto
1177 3744 1256 3816 viro
1290 3767 1376 3814 con-

277 3855 433 3956 tempto
477 3847 523 3916 Et
509 3845 624 3946 tquia
642 3847 743 3918 Deus
764 3868 836 3914 non
858 3844 1054 3940 dereliquit
1068 3845 1207 3918 iustum
1227 3867 1298 3915 nec
1318 3868 1376 3916 se·

279 3969 363 4014 men
386 3945 465 4018 eius
492 3969 654 4042 querens
683 3968 835 4042 panem
862 3947 935 4017 dux
955 3945 1090 4016 Lestco
1117 3945 1247 4017 videns
1272 3944 1376 4015 mali·

276 4043 372 4116 ciam
390 4068 543 4116 suorum
559 4050 754 4140 baronum,
774 4045 942 4142 confugit
928 4048 1000 4117 tad
1017 4044 1193 4116 auxilium
1208 4045 1377 4139 Ungaro-

276 4169 373 4241 rum7
415 4144 637 4242 quistatim
680 4143 963 4218 eialluerunt
955 4169 991 4215 m
1026 4143 1241 4242 presidium.
1294 4145 1376 4218 Non
