3060 4828
294 233 342 308 32
427 229 644 306 ANNALllS
671 229 886 307 CAPlTULl
912 229 1265 306 CRACOVIENSlS.

293 427 440 502 neiech.
484 433 622 503 Verum
649 441 788 528 quanta
813 433 977 528 dampna
1004 429 1136 504 fecerit
1167 431 1300 504 horror
1333 439 1392 503 est

292 530 447 606 referre.
483 530 655 628 Namque
676 555 744 604 sua
770 530 927 604 torrenti
952 530 1137 604 violencia
1169 531 1206 602 in
1234 541 1390 627 utraque

294 641 401 728 parte
415 629 582 702 littorum
603 641 641 704 et
658 631 824 728 riparum
843 631 957 728 longe
971 631 1123 728 lateque
1134 630 1242 704 villas
1260 653 1390 728 agros-

293 754 366 828 que
380 729 647 805 miserabiliter
664 731 839 827 abotevit,
859 734 952 805 adeo
964 731 1249 829 quodbumanis
1261 731 1389 806 usibus

291 834 478 929 usquead
500 841 650 905 centum
674 856 794 905 annos
809 833 870 906 vel
890 831 1053 929 amplius
1068 831 1227 904 reddidit
1240 831 1389 906 inutiles

292 941 330 1004 et
343 931 504 1029 inaptus.
535 931 731 1028 Homines,
754 933 922 1006 iumenta
943 942 1145 1029 ceteraque
1160 932 1336 1006 animalia
1351 933 1389 1005 in

291 1042 399 1129 perte
424 1031 588 1105 maxima
617 1036 894 1127 submergendo
926 1043 963 1104 et
990 1032 1163 1130 quicquid
1192 1057 1260 1105 sua
1288 1034 1388 1106 mole

288 1131 461 1229 precipiti
490 1132 710 1228 contingere
728 1133 864 1230 potuit7
884 1133 1089 1206 submersit
1104 1157 1294 1230 occupans
1311 1133 1388 1204 vio·

290 1232 421 1307 lenter.
460 1233 565 1305 Tunc
589 1244 789 1330 serpentes
813 1244 853 1306 et
879 1233 1053 1305 volucres
1082 1233 1294 1306 habuerunt
1318 1255 1384 1331 pro

288 1332 435 1429 refugio
455 1336 608 1406 arbores
629 1333 861 1430 eminentes,
879 1337 1014 1406 domus
1035 1357 1182 1430 quoque
1211 1332 1242 1406 si
1261 1333 1384 1430 alique

288 1455 356 1530 pre
371 1431 506 1506 {luctus
529 1432 673 1532 impetu
699 1443 874 1532 poterant
896 1457 1106 1506 remanere.
1134 1432 1211 1506 Nec
1227 1435 1300 1506 hoc
1320 1437 1385 1506 du-

289 1533 404 1630 bium,
420 1535 518 1631 quod
528 1532 778 1632 Omnipotens
795 1545 935 1606 tantam
952 1535 1103 1631 plagam
1115 1557 1230 1631 super
1248 1533 1385 1607 faciem

289 1644 389 1705 terre
417 1631 618 1706 immiserit
643 1633 810 1731 peccatis
838 1635 1033 1707 hominnm
1062 1635 1321 1731 exigentibus,v
1336 1645 1384 1706 ut

288 1733 461 1831 graviora
473 1733 1112 1808 sceleraanimadversioneinsolita
1125 1736 1382 1808 multarentur.

360 1835 531 1907 Domnns
557 1833 773 1932 Stephanus
803 1859 869 1908 rex
894 1835 1084 1932 Hungarie
1112 1836 1224 1908 intrat
1249 1837 1383 1910 Cracc-

176 1934 386 2016 naeviam
411 1939 444 2009 6.
468 1934 548 2006 Kal.
573 1935 811 2033 Septembris
841 1945 880 2008 et
903 1935 1044 2007 mansit
1068 1939 1210 2010 duobus
1237 1936 1382 2033 diebus,

286 2035 401 2109 tercio
422 2045 548 2108 autem
567 2036 692 2108 dicad
712 2035 861 2133 proprie
881 2036 1092 2108 revertitur.

362 2139 470 2210 1271.
488 2137 661 2209 dominus
671 2137 808 2208 Paulus
820 2136 1022 2234 episcopus
1034 2159 1119 2208 cum
1133 2138 1269 2208 domno
1286 2138 1378 2210 duce

286 2245 323 2307 et
350 2235 430 2308 eius
451 2236 611 2333 coniuge
631 2239 767 2309 domna
781 2237 937 2308 ducissa
957 2237 1144 2308 discordet
1171 2247 1210 2307 et
1235 2236 1271 2306 in
1292 2261 1379 2334 que·

283 2335 499 2432 dragesima
516 2360 602 2407 cum
622 2337 937 2428 eisdemdomnis,
957 2337 1138 2432 magistro
1156 2336 1378 2430 Dersycraio

282 2435 476 2533 preposito
497 2447 534 2510 et
548 2436 741 2509 Walthero
756 2436 946 2508 canonicis
961 2435 1274 2510 Cracoviensibus
1288 2436 1377 2509 viris
1460 2442 1466 2447 ’

282 2536 542 2610 constantibus
568 2536 732 2634 providis
750 2548 787 2610 et
804 2536 975 2609 discretis
995 2535 1273 2632 meditantibus,
1293 2561 1378 2609 con·

283 2637 460 2710 cordavit.

355 2739 527 2810 Domnus
546 2737 704 2811 Premizl
723 2737 892 2834 prefatus
919 2761 983 2809 rex
1009 2736 1264 2809 Bohemornm
1291 2761 1377 2810 oum

276 2835 1378 2934 :validamultitudinesuiexercitnsHungariamingreditur

281 2937 380 3010 circa
396 2939 537 3035 pascha
555 2948 592 3010 et
607 2938 655 3010 ibi
671 2939 859 3009 manendo
875 2937 970 3010 inira
985 2961 1174 3032 mensem,
1189 2936 1374 3031 civitates,

274 3046 405 3112 castra
421 3047 458 3110 et
472 3037 564 3110 alies
580 3037 1051 3134 municionesplurimusin
1066 3038 1206 3111 victrici
1222 3041 1377 3112 dextera

280 3138 488 3236 occupavit.
525 3139 693 3226 Qualiter
718 3147 846 3210 autem
881 3138 1034 3210 redierit
1060 3142 1104 3211 ad
1132 3137 1374 3235 propriane·

280 3239 410 3314 cinnes
431 3249 558 3313 extere
578 3239 844 3334 hocignorent.
881 3237 954 3311 Sed
968 3262 1011 3310 eo
1024 3241 1206 3312 redeunte
1216 3237 1374 3311 Comani

279 3343 325 3412 de
344 3343 451 3438 parte
470 3341 580 3437 ¹regis
598 3337 790 3436 Hungarie
815 3338 1021 3410 Moraviam
1052 3337 1237 3412 hostiliter
1262 3338 1375 3410 intra·

279 3445 479 3533 'veruntp'et
492 3443 540 3514 ibi
554 3440 719 3535 cedibus
734 3437 888 3536 rapinis,
904 3439 1099 3536 incendiis,
1113 3449 1223 3536 raptu
1234 3439 1374 3511 familie

278 3541 478 3613 crudeliter
501 3541 730 3636 commissis,
748 3539 844 3612 illesi
864 3539 900 3611 in
919 3539 1150 3634 Hungeriam
1170 3537 1373 3610 redierunt.

255 3729 258 3736 .
277 3643 420 3714 Eodem
440 3645 537 3713 anno
559 3645 593 3716 3.
611 3642 737 3713 Nonas
756 3639 945 3710 Februarii
957 3641 1115 3738 domnus
1132 3639 1372 3712 Hermannus

278 3742 397 3814 dictus
427 3743 473 3814 de
491 3741 643 3834 Leodio‚
673 3737 875 3812 canonicus
896 3738 1157 3812 Cracoviensis
1178 3761 1223 3813 ae
1248 3749 1374 3810 rector

279 3841 439 3914 ecclesie
459 3845 505 3914 de
525 3842 666 3936 Bitom‚
694 3840 750 3910 vir
772 3848 994 3913 mansuetus
1011 3840 1162 3912 humilis
1183 3862 1229 3910 ac
1251 3837 1374 3910 multi-

238 4020 247 4028 .
274 3941 362 4039 plici
377 3942 543 4038 preditus
555 3941 733 4035 bonitate7
748 3939 884 4011 nullius
899 3951 1012 4013 rento
1023 3939 1198 4036 superbie
1209 3937 1373 4032 agitatus

277 4051 341 4114 eut
365 4041 592 4140 superlatus,
612 4041 827 4139 pompatice
854 4041 954 4114 fastu
980 4039 1163 4113 iactancie
1183 4041 1374 4136 tuberum,
