3060 4828
255 293 306 370 28
388 291 605 398 ANNALES
632 290 847 369 CAPITULI
874 287 1223 367 cracovtnnsts.

255 491 474 567 abscondita
501 495 570 565 sub
598 490 743 589 modio,
773 489 1015 566 canonizatus
1035 515 1103 564 suo
1122 501 1294 591 tempore
1314 501 1352 566 et

254 594 459 691 kathalogo
480 602 695 666 sanctorum
716 591 911 665 martirum
936 591 1159 689 asscriptus
1178 615 1248 665 sua
1266 616 1350 691 pro·

256 693 448 768 curatione
474 692 628 789 suisque
654 692 827 767 manibus
855 695 901 766 de
928 703 1028 766 tarra
1054 691 1187 766 tumuli
1209 702 1269 766 cst
1288 717 1350 766 cx-

255 803 400 893 captus.
436 793 504 866 Hic
530 792 644 888 igitur
668 793 740 866 hoc
759 792 949 891 epitaphio
967 803 1129 907 propter
1153 815 1221 868 suo
1240 803 1352 891 gesta

254 894 426 992 preclara
444 915 513 994 per
530 893 658 990 iugem
677 893 838 990 gloriam
857 905 992 968 nrerurt
1009 893 1248 991 perhennari.

670 993 930 1090 Epytoplriam:

306 1095 375 1169 Hic
392 1094 490 1168 iacet
509 1092 670 1166 ecclesie
679 1096 812 1189 decus,
831 1093 1032 1192 hicpastor
1046 1098 1181 1191 bonus,
1199 1093 1260 1168 hic
1277 1090 1349 1168 llos

356 1193 519 1290 lusticie,
540 1193 630 1267 cleri
648 1195 832 1267 Prandota
852 1194 982 1291 presul
998 1195 1129 1267 honor.

305 1294 374 1368 llic
393 1295 451 1368 via
470 1294 563 1390 vari,
580 1293 698 1392 gloria
718 1295 828 1391 cleri⁷
847 1294 1031 1370 Prandota
1051 1303 1128 1367 tota

304 1395 403 1468 Laus
424 1393 555 1494 patrie,
573 1405 681 1492 pater
698 1394 847 1567 ἰηῗέἰιιιε
868 1406 926 1468 est
946 1395 1039 1469 situs
1059 1395 1143 1467 aula
1163 1395 1305 1494 sophie.

772 1496 871 1568 liter:

227 1651 233 1660 ,
305 1594 392 1668 Flos
407 1595 501 1667 situs
519 1594 668 1668 inclitus
688 1594 749 1667 hic
769 1595 857 1667 cleri
876 1595 953 1668 veri
973 1594 1033 1668 via
1051 1595 1148 1692 legis

358 1695 448 1790 Egis
468 1695 597 1794 presul
614 1719 734 1793 agaps
753 1695 936 1768 Prandota
957 1704 1034 1769 tota
1053 1693 1192 1792 gregis.

306 1794 375 1867 Hic
394 1818 504 1868 sacer
522 1819 544 1867 e
561 1796 705 1868 tumulo
723 1805 761 1868 te
780 1795 979 1891 Stanyzlae
998 1795 1150 1890 levavit,

307 1895 360 1968 Te
380 1906 552 1969 sanctum
570 1896 707 1994 populo
728 1906 835 1993 pater
852 1897 951 1969 alme
969 1896 1129 1970 levando
1147 1897 1326 1994 probavit.

733 1996 790 2068 Vel
808 1999 880 2069 sic:

275 2187 276 2192 Ἰ
306 2095 374 2168 Hic
393 2106 566 2170 sanctum
585 2095 690 2168 titulo
710 2107 926 2170 sanctorum
946 2107 982 2171 te
1002 2097 1169 2171 sociavit.

153 2213 204 2260 oea
225 2214 247 2262 a.
291 2239 293 2244 ·
330 2199 471 2270 Eodem
488 2221 586 2269 anno
602 2196 746 2269 scilicet
761 2199 867 2271 1266.
885 2197 1045 2296 septimo
1062 2198 1148 2272 Idus
1167 2197 1352 2295 Octobris⁷

257 2295 316 2368 (lic
349 2297 520 2369 electioni
560 2319 627 2393 per
663 2296 866 2393 capitulum
901 2297 1152 2371 Cracoviensc
1183 2297 1352 2394 legitima

257 2396 471 2492 assignato,
500 2398 660 2467 domnus
694 2396 828 2468 Paulus
858 2393 957 2471 filius
990 2397 1135 2471 comitis
1167 2397 1351 2494 laodonia,

258 2495 462 2568 canonicus
481 2495 765 2590 cracoviensis,
790 2495 828 2569 in
857 2497 1077 2595 episcopum
1105 2521 1173 2596 per
1192 2497 1353 2572 arbitros

257 2595 480 2690 magistrum
492 2594 701 2669 Gerardurn
722 2597 954 2695 prepositum
966 2598 1256 2694 Wizliciensenr,
1274 2622 1353 2672 ma-

257 2696 664 2794 gistrumStephanum
684 2697 896 2792 etwisson,
915 2699 1187 2773 Cracovienses
1200 2697 1351 2768 canoni·

145 2828 196 2876 oa.
210 2820 336 2891 sacca,
364 2807 423 2870 est
439 2797 595 2873 electus.
623 2798 790 2870 Tandem
807 2801 939 2870 eodem
960 2821 1058 2869 anno
1078 2797 1114 2868 in
1143 2797 1201 2867 die
1220 2795 1348 2888 Syno-

256 2896 315 2970 nis
351 2908 388 2970 et
413 2897 503 2970 ludo
528 2896 784 2994 apostolorum
821 2920 890 2996 per
924 2899 1101 2968 domnum
1137 2893 1351 2968 lanussium

257 2997 523 3070 Gneznenscm
558 2995 886 3093 archiepiscopum
919 2994 988 3068 fuit
1020 2997 1057 3066 in
1084 2997 1240 3090 Uncyov
1266 3018 1353 3068 con·

256 3095 439 3170 firmatus.

144 3219 248 3269 nara
335 3199 442 3272 1267.
478 3197 581 3269 Idem
600 3197 760 3268 domnus
785 3195 921 3269 Paulus
947 3198 1101 3270 sabbato
1121 3195 1246 3294 inquo
1266 3191 1355 3270 can·

257 3306 372 3370 tatur:
400 3298 512 3370 Intret
540 3297 682 3388 orlrcio,
718 3294 755 3367 in
779 3299 1017 3370 sacerdotem
1039 3307 1075 3370 et
1103 3295 1273 3395 proximo
1293 3319 1354 3370 se·

145 3396 387 3494 nataquenti
415 3397 474 3470 die
502 3395 687 3470 dominico
715 3420 788 3493 quo
811 3406 999 3470 cantatur:
1031 3397 1282 3489 Reatiniscere,
1314 3395 1352 3468 in

259 3497 480 3610 episcopum
502 3496 539 3568 in
557 3496 682 3570 Lelow
697 3519 765 3593 per
785 3499 964 3570 domnum
979 3496 1192 3570 lanussium
1210 3495 1354 3568 archie-

256 3619 453 3710 piscopum
466 3606 766 3690 consecratum
784 3599 979 3670 rarefacta
999 3606 1060 3668 est
1076 3595 1200 3668 leticia
1214 3617 1353 3691 magna

256 3721 294 3768 rn
309 3695 447 3796 populo
469 3705 547 3768 tam
566 3695 666 3766 clero
685 3719 797 3791 quam
815 3697 945 3793 laycis,
963 3695 1014 3768 ita
1034 3696 1155 3768 eciam
1171 3697 1270 3792 quod
1288 3694 1354 3768 leti

145 3797 375 3870 releasestas
395 3797 535 3867 duxere
563 3817 706 3867 coreas.
758 3795 899 3869 Eodem
920 3817 1018 3870 anno
1038 3795 1075 3866 in
1102 3805 1235 3869 octava
1254 3793 1357 3890 puri·

256 3891 1357 3995 ficationissancthan'evenerabilispaterdomnusGuido

256 3995 422 4068 militans
441 3996 520 4067 [leo
540 3997 609 4068 sub
629 4019 761 4068 norma
781 4007 818 4069 et
843 3997 972 4071 ordine
988 3992 1242 4088 Cysterciensi
1255 3991 1353 4065 tituli

257 4093 383 4171 Sancti
405 4092 603 4166 Laurencii
627 4093 663 4164 in
685 4092 826 4166 Lucina
846 4098 1044 4193 presbyter
1062 4091 1276 4190 cardinalis,
1300 4091 1356 4166 le·
